3566 5712
500 835 698 890 aamercort
720 835 924 891 ramnum
945 837 1187 892 nuumuursu.
1301 830 1366 895 823

147 1027 531 1105 AaEructdetentorem,
554 1029 725 1106 moneatis,
748 1031 783 1094 et
805 1027 978 1094 efficaciter
1008 1028 1181 1108 inducatis,
1204 1033 1371 1116 quatenus¹
1397 1039 1521 1087 cumo.

318 1129 407 1195 infra
429 1151 487 1196 sex
520 1129 591 1196 dies
622 1151 643 1194 a
675 1135 823 1216 tempore
838 1130 1047 1196 monitionis
1081 1130 1270 1217 hujusmodi
1302 1133 1366 1198 sibi
1567 1119 1574 1132 ⁴

318 1231 422 1309 faeta,
446 1253 584 1319 quorum
608 1231 690 1298 duos
714 1232 778 1297 sibi
807 1251 866 1318 pro
888 1233 1003 1318 primo,
1028 1232 1109 1298 duos
1132 1254 1191 1318 pro
1214 1234 1365 1328 secundo,

316 1333 458 1421 reliquos
480 1356 559 1401 vero
582 1335 673 1412 duos,
705 1356 764 1420 pro
793 1333 905 1399 tertio
918 1339 953 1399 et
974 1335 1193 1421 peremptorio
1216 1337 1365 1416 termino,

315 1437 528 1523 assignamus,
550 1437 655 1522 ipsam
689 1435 901 1522 praebendam
934 1441 1080 1518 evacuet,
1105 1441 1139 1502 et
1170 1458 1240 1502 eam
1277 1438 1366 1505 dicto

315 1539 471 1625 magistro
494 1537 678 1604 Mainfredo
705 1537 842 1603 liberam
865 1537 1023 1618 dimittat,
1040 1541 1075 1604 et
1098 1539 1246 1604 totaliter
1268 1561 1365 1628 expe-

316 1641 421 1706 ditam
433 1665 441 1721 ;
463 1640 636 1728 ipsumque
659 1639 835 1726 praebenda
856 1641 936 1726 ipsa,
957 1661 1032 1705 cum
1056 1640 1124 1706 suis
1146 1642 1365 1727 pertinentiis,

315 1743 458 1829 gaudere
479 1741 619 1819 faciatis,
643 1745 753 1806 amoto
777 1741 897 1806 exinde
919 1741 1068 1827 quolibet
1098 1743 1163 1808 alio
1187 1743 1364 1826 detentore,

316 1843 569 1912 contradictores
592 1849 627 1908 et
655 1843 790 1910 rebelles
824 1865 882 1930 per
911 1865 1081 1910 censuram
1112 1844 1364 1912 ecclesiasticam

317 1947 468 2014 canonice
499 1947 736 2032 compescendo.
793 1946 917 2011 Datum
949 1947 1037 2032 apud
1070 1946 1249 2028 Nabourn',
1279 1947 1363 2036 xxj0.

316 2050 369 2115 die
390 2049 543 2136 Augusti,
566 2048 816 2116 consecrationis
839 2052 960 2114 nostrae
981 2069 1069 2112 anno
1092 2053 1193 2116 sexto.

319 2282 581 2352 [rammandi
660 2251 830 2329 Ricardus,
852 2250 1064 2335 permissione
1091 2251 1213 2328 divina,
1237 2251 1402 2317 Dunol-¹
1375 2256 1470 2368 {331oe
1456 2258 1514 2351 dgor

317 2353 384 2403 Seho
384 2353 429 2404 las.
613 2352 736 2417 mensis
769 2353 948 2439 episcopus,
972 2353 1092 2418 dilecto
1126 2352 1202 2430 filio,
1234 2353 1362 2440 Rogero
1374 2357 1443 2451 supp
1436 2359 1532 2454 ”gith

316 2458 356 2523 de
390 2455 613 2544 Nassington’‚
635 2454 755 2521 rectori
785 2453 927 2519 ecclesiae
952 2455 994 2519 de
1024 2455 1493 2571 Ford',ecolyto,sa-Fhourpp01

314 2559 425 2637 lutem,
448 2559 589 2646 gratiam
605 2562 639 2622 et
657 2556 927 2623 benedictionem.
973 2555 1082 2635 Quum
1105 2577 1164 2641 per
1177 2557 1267 2622 viros
1289 2557 1364 2622 lite·
1376 2562 1449 2654 8101111111
1441 2560 1506 2654 pens

315 2665 405 2727 ratos
436 2661 500 2725 Dei
531 2657 702 2725 consuevit
734 2656 868 2724 ecclesia
889 2659 1067 2737 venustari,
1090 2658 1221 2744 cupient
1206 2658 1337 2724 tibus'
1328 2681 1364 2724 ιιι

316 2785 393 2852 agro
416 2761 519 2828 studii
541 2761 696 2838 laborare,
719 2766 754 2825 et
779 2759 952 2845 adquirere
975 2760 1120 2825 scientiae
1143 2762 1364 2846 margaritam,

318 2866 464 2930 favorem
501 2864 650 2944 libenter,
678 2866 713 2928 et
744 2862 893 2948 gretiam,
916 2863 1130 2949 impertimur.
1186 2863 1364 2928 ‘Laudabili

316 2967 419 3054 igitur
440 2966 607 3053 proposito
629 2971 696 3043 tuo,
719 2965 814 3050 quod,
838 2965 881 3029 ad
903 2986 1030 3030 morum
1054 2969 1088 3030 et
1115 2964 1219 3030 studii
1242 2966 1362 3032 exerci-

316 3071 484 3148 tationem,
499 3068 618 3134 habere
640 3073 674 3132 te
697 3067 859 3147 novimus,
875 3071 915 3130 ut
936 3066 1000 3131 tibi
1023 3068 1177 3152 parvitas
1199 3068 1362 3146 meritum,

316 3177 350 3236 et
371 3171 445 3236 aliis
479 3169 628 3257 proficias
658 3190 715 3254 per
745 3169 938 3253 exemplum,
963 3169 1017 3253 pio
1039 3176 1266 3235 concurrentes
1289 3191 1364 3234 con-

317 3293 422 3350 sensu,
455 3272 586 3357 tuisque
624 3268 917 3357 supplicationibus
947 3269 1174 3335 favorabiliter
1204 3271 1363 3349 inclinati,

229 3449 234 3459 ,
317 3379 357 3438 ut
384 3376 421 3438 in
443 3373 512 3440 loco
541 3374 600 3440 ubi
622 3371 781 3437 Generale
811 3370 904 3456 viget
937 3368 1102 3446 Studium,
1125 3371 1168 3435 ab
1191 3370 1364 3436 emissione

316 3477 528 3562 praesentium
552 3496 654 3560 usque
677 3472 885 3559 septennium
908 3473 1003 3558 plene
1023 3471 1220 3550 revolutum,
1243 3475 1382 3555 morari,

315 3579 433 3657 valeas,
459 3576 661 3644 scholasticis
691 3574 875 3661 disciplinis
908 3574 1071 3653 insistens,
1098 3578 1133 3638 et
1163 3574 1297 3639 interim
1320 3576 1363 3640 ad

316 3681 517 3767 personalem
538 3677 750 3744 residentiam
773 3681 807 3740 et
829 3674 1067 3760 susceptionem
1089 3676 1290 3761 superiorum
1314 3699 1363 3743 or·

320 3782 443 3860 dinum,
471 3785 691 3868 proeterquam
713 3776 837 3842 ordinis
860 3776 1124 3858 subdiaconatus,
1155 3798 1251 3862 quem
1274 3779 1364 3844 infra

316 3905 439 3949 annum
454 3885 647 3969 presentem
662 3883 695 3946 te
710 3878 871 3965 suscipere
885 3880 1045 3956 volumus,
1061 3878 1197 3944 minime
1211 3883 1363 3960 tenearis,

316 3986 390 4062 tibi,
412 3984 591 4051 secundum
613 3982 752 4048 formam
767 3980 1022 4047 Constitutionis
1045 3981 1171 4045 domini
1193 3981 1362 4060 Bonifaaii,

317 4110 419 4177 papae,
432 4086 560 4166 Octavi,
575 4084 752 4170 gri-etiosam
775 4083 941 4148 licentiam
964 4080 1181 4166 indulgemus.
1228 4081 1362 4148 Proviso

318 4189 407 4277 quod
429 4187 563 4254 ecclesia
576 4191 637 4251 tua
652 4183 810 4270 praedius
824 4183 957 4248 interim
973 4182 1095 4248 debitis
1109 4204 1177 4247 non
1191 4181 1364 4248 fraudetur

316 4291 489 4375 obsequiis,
512 4309 572 4354 nec
600 4289 637 4353 in
663 4309 702 4354 ea
724 4288 906 4353 animarum
929 4305 1007 4350 cura
1029 4283 1237 4368 aliquatenus
1258 4286 1361 4371 negli-

315 4397 420 4482 gatur.
467 4393 509 4457 Ιιι
531 4386 1141 4476 cujus1eitestimonium,praesentes
1163 4385 1276 4452 literas
1298 4389 1362 4454 tibi

315 4497 395 4578 fieri,
412 4502 447 4561 ct
468 4496 580 4560 nostro
603 4491 710 4576 sigillo
725 4489 859 4554 fecimus
882 4486 1082 4552 communiri.
1127 4487 1252 4552 Datum
1274 4489 1363 4575 apud

316 4598 350 4662 N
351 4598 476 4675 abum’,
491 4593 561 4661 xx0.
573 4594 626 4660 die
641 4592 762 4657 mensis
774 4589 925 4676 Augusti,
941 4610 1028 4654 anno
1042 4589 1176 4654 Domini
1193 4591 1363 4657 millesimo

317 4698 392 4768 oco⁰.
416 4697 645 4774 sextodecimo,
666 4699 701 4760 et
722 4693 973 4760 consumationis
995 4695 1116 4758 nostrae
1138 4697 1240 4760 sexto,
