3538 5712
513 837 712 902 uuorsruun
736 833 942 884 ranarmuu
964 833 1205 884 ouunnuuusu
1297 819 1383 883 1145

167 1048 210 1092 an.
219 1047 295 1104 upra
303 1053 323 1094 1.
334 1051 469 1106 moram,
492 1049 566 1093 cum
597 1025 700 1091 libem
730 1025 870 1090 introitu
902 1028 937 1089 et
970 1025 1064 1091 exitu
1094 1025 1137 1091 ad
1166 1027 1312 1104 eandem,
1342 1027 1383 1095 de
1414 1031 1536 1077 suasu.

335 1131 430 1196 nobis
467 1134 502 1194 et
540 1126 776 1194 successoribus
813 1127 935 1191 nostris
972 1126 1009 1190 in
1038 1135 1242 1213 perpetuum,
1273 1129 1384 1208 libere,

336 1233 456 1318 quiete,
479 1236 514 1296 et
547 1230 583 1294 in
617 1250 704 1314 pace,
727 1227 764 1291 in
797 1227 944 1307 liberam,
976 1250 1101 1314 puram,
1125 1235 1159 1294 et
1189 1237 1382 1317 perpetuam

337 1337 586 1418 eleemosynam,
610 1351 684 1396 cum
717 1329 869 1395 omnibus
903 1331 1189 1396 commoditatibus
1224 1340 1259 1398 et
1287 1334 1384 1398 aisia-

334 1436 455 1500 mentis
504 1454 577 1519 quse
615 1433 651 1496 in
689 1430 778 1497 dicto
816 1436 911 1496 vasto
944 1430 1017 1496 fieri
1054 1437 1218 1518 poterunt,
1252 1434 1306 1500 vel
1344 1436 1385 1501 de

336 1537 449 1603 eodem
464 1537 734 1622 qualitercunque
749 1533 928 1619 provenire.
975 1534 1052 1599 Hiis
1070 1533 1218 1613 testibus,
1234 1535 1384 1615 dominis,

338 1640 482 1705 Roberto
517 1639 557 1702 de
591 1635 719 1714 Hilton,
752 1634 893 1702 Ricardo
925 1635 1139 1714 Marmeduk',
1163 1635 1310 1702 Waltero
1341 1638 1382 1704 de

335 1741 565 1826 Wessington',
589 1739 715 1803 Thomu
731 1737 771 1802 de
786 1737 1038 1822 Whyteworth',
1053 1737 1223 1816 militibus,
1238 1740 1261 1803 J
1263 1741 1385 1806 ardano

335 1844 376 1908 de
398 1843 546 1919 Dalden’,
568 1839 734 1905 Willelmo
756 1839 798 1903 de
821 1838 1019 1924 Kyrkenny,
1036 1839 1161 1904 Thema
1183 1841 1224 1904 de
1247 1841 1387 1926 Fysshe

335 1945 461 2022 bourn',
484 1944 612 2029 Rogero
635 1941 675 2006 de
698 1940 810 2020 Esshe,
835 1945 869 2004 et
891 1939 1005 2004 multis
1027 1939 1109 2005 aliis.
1157 1941 1282 2007 Datum
1297 1943 1385 2028 apud

334 2046 520 2122 Aukeland,
544 2056 615 2108 xx0.
640 2042 694 2108 die
716 2040 925 2119 Novembris,
940 2062 1035 2120 auno,
1051 2047 1110 2107 etc.
1135 2039 1293 2128 [o1⁰.ccc⁰.]
1317 2044 1387 2129 xj⁰.,

338 2154 373 2213 et
394 2143 607 2233 pontificatus
629 2143 733 2208 nostri
756 2142 887 2228 primo..

338 2403 416 2453 Carta
433 2418 458 2451 m
495 2400 500 2413 .
542 2399 547 2411 .
669 2351 838 2428 Ricardm,
875 2351 1087 2435 permissione
1126 2352 1248 2433 divina,
1291 2352 1524 2417 Dua-cunata

459 2403 592 2466 agrstnde
752 2453 758 2466 ,
863 2452 869 2466 ,
1113 2453 1119 2466 ,
1395 2413 1525 2462 thebirhop

335 2467 592 2547 &prostrantes
626 2452 778 2517 elmensrs
819 2473 995 2538 eplscopus,
1034 2453 1185 2517 omnibus
1223 2454 1265 2518 ad
1302 2474 1384 2539 quos
1396 2463 1536 2560 pggffl

338 2536 550 2599 ⁶⁹H⁰PP¹²¹²d⁰²
628 2565 806 2640 praesentes
839 2553 944 2620 literae
981 2557 1201 2639 pervenerint,
1238 2557 1383 2622 salutem.
1397 2563 1519 2661 {1⁶02on
1521 2613 1532 2655 f

339 2655 460 2722 Sciatis
493 2656 589 2740 quod,
613 2655 653 2720 de
676 2653 784 2741 gratia
806 2660 919 2720 nostra
948 2655 1089 2741 speciali,
1113 2661 1329 2725 concessimus
1352 2667 1386 2725 et
1399 2628 1538 2710 sallao

337 2758 506 2822 licentiam
529 2756 688 2834 dedimus,
711 2777 770 2841 pro
801 2756 897 2821 nobis
929 2762 963 2821 et
997 2758 1233 2824 successoribus
1255 2763 1385 2843 nostris,
1399 2719 1493 2771 nyma.

337 2860 465 2924 dilectis
487 2859 582 2924 nobis
605 2859 641 2922 in
664 2857 806 2937 Christo,
823 2859 919 2923 fratri
943 2858 1080 2946 Hugoni
1103 2860 1143 2924 de
1168 2861 1283 2928 Monte
1297 2863 1386 2944 Alto,

338 2961 495 3048 maguam
518 2960 703 3046 Hospitalis
726 2959 840 3026 saaca
863 2960 988 3046 augrus
1017 2961 1058 3025 aa
1090 2961 1227 3048 Kypier,
1251 2971 1285 3030 a
1318 2966 1382 3031 fra.
1439 2951 1443 2958 '

338 3063 446 3127 tribus
480 3061 625 3147 ejusdem
660 3061 731 3139 loci,
754 3062 843 3146 quod
877 3061 941 3146 ipsi
972 3085 1076 3126 unum
1107 3067 1326 3152 messuagium
1350 3073 1385 3134 et

337 3165 419 3229 duas
442 3169 610 3229 carucatas
639 3169 736 3229 terrae
766 3185 840 3230 cum
870 3165 1087 3249 pertiuentiis,
1111 3167 1146 3230 in
1170 3168 1387 3258 Epplingden,

338 3267 415 3330 dare
448 3266 576 3351 possint
614 3272 649 3331 et
686 3266 861 3330 concedere
897 3265 1057 3343 Roberto,
1076 3268 1116 3332 de
1148 3270 1387 3357 Epplingden’;

338 3366 527 3432 habendum
563 3373 596 3432 ct
630 3365 811 3430 tenendum
849 3365 913 3430 sibi
946 3372 981 3432 et
1012 3367 1197 3435 haeredibus
1236 3373 1312 3451 suis,
1345 3375 1385 3462 de

338 3469 433 3533 nobis
456 3473 490 3532 et
512 3467 750 3533 successoribus
772 3466 902 3543 nostris,
925 3489 984 3552 per
1006 3469 1143 3535 servitia
1165 3470 1243 3537 inde
1274 3475 1387 3540 debita

338 3574 373 3635 et
404 3575 583 3636 consueta:
622 3573 656 3632 et
690 3567 795 3633 eidem
830 3566 984 3648 Roberto,
1009 3569 1096 3654 quod
1130 3571 1199 3655 ipse
1230 3577 1388 3659 p1aedicta

339 3671 559 3757 messuagium
592 3673 626 3735 et
647 3675 771 3735 terram
794 3692 814 3734 a
836 3669 983 3756 praefatis
1013 3673 1169 3757 magistro
1204 3682 1238 3739 et
1274 3677 1385 3744 fratri-

339 3772 402 3838 bus
446 3774 589 3859 recipere
627 3771 731 3858 possit
775 3775 809 3836 et
854 3776 965 3836 tenere
1013 3773 1089 3854 sibi,
1122 3780 1157 3839 et
1202 3776 1387 3848 haeredibus

340 3876 417 3954 suis,
440 3875 481 3939 de
512 3873 607 3938 nobis
639 3878 673 3938 et
704 3873 940 3938 successoribus
970 3875 1098 3954 nostris,
1122 3884 1161 3942 ut
1192 3882 1385 3965 praedictum

341 3984 399 4056 est,
429 3976 582 4042 similiter
611 3973 778 4042 licentiam
810 3975 960 4041 dedimus
991 3977 1171 4062 specialem.
1218 3982 1385 4051 Concessi-

340 4101 414 4145 mus
436 4079 546 4155 etiam,
570 4082 605 4142 et
626 4075 792 4143 licentiam
817 4076 975 4155 dedimus,
1003 4101 1062 4164 pro
1088 4080 1183 4146 nobis
1206 4088 1241 4148 et
1263 4107 1387 4154 succes·

341 4181 469 4248 soribus
500 4178 630 4256 nostris,
653 4178 761 4244 eidem
795 4177 950 4260 Roberto,
974 4182 1062 4265 quod
1096 4181 1174 4268 ipse,
1198 4207 1257 4272 pro
1288 4210 1322 4254 se
1352 4197 1386 4257 et

341 4281 528 4348 haeredibus
550 4281 627 4358 suis,
642 4280 720 4346 dare
741 4281 853 4367 possit,
869 4293 903 4348 et
918 4282 1100 4360 concedere,
1115 4284 1212 4352 dictis
1227 4291 1386 4377 magistro

340 4389 376 4451 et
397 4383 556 4451 fratribus
590 4388 723 4449 centum
756 4387 792 4447 et
824 4383 996 4448 tresdecim
1028 4385 1148 4452 solidos
1180 4394 1215 4454 et
1246 4401 1388 4477 quatuor

325 4479 499 4564 denarios,
519 4484 686 4550 habendos
709 4489 743 4550 et
764 4484 988 4571 percipiendos
1010 4485 1074 4551 sibi
1096 4494 1131 4554 et
1152 4497 1388 4564 successoribus

341 4590 410 4655 suis
433 4587 571 4675 singulis
594 4587 689 4652 annis
712 4586 753 4651 de
776 4586 959 4673 messuagio
981 4591 1015 4653 et
1038 4589 1135 4654 terris
1157 4593 1333 4678 praedictis,
1348 4623 1386 4669 ac

340 4693 441 4758 etiam
474 4691 514 4755 de
545 4687 691 4754 manerio
722 4688 763 4753 de
800 4687 1026 4774 Epplingden',
1058 4711 1132 4758 curn
1170 4698 1387 4786 pertinentiis,

341 4795 430 4881 quod
452 4793 493 4859 de
515 4791 609 4859 nobis
624 4793 758 4858 tenetur
779 4790 815 4856 in
837 4790 953 4878 capite,
970 4790 1013 4857 ad
1028 4791 1109 4858 duos
1127 4797 1206 4861 anni
1222 4803 1389 4888 terminos,
