<?xml version="1.0" encoding="UTF-8"?>
<!DOCTYPE html PUBLIC "-//W3C//DTD XHTML 1.0 Transitional//EN"
    "http://www.w3.org/TR/xhtml1/DTD/xhtml1-transitional.dtd">
<html xmlns="http://www.w3.org/1999/xhtml" xml:lang="en" lang="en">
 <head>
  <title>
</title>
<meta http-equiv="Content-Type" content="text/html;charset=utf-8" />
  <meta name='ocr-system' content='tesseract 3.04.00' />
  <meta name='ocr-capabilities' content='ocr_page ocr_carea ocr_par ocr_line ocrx_word'/>
</head>
<body>
  <div class='ocr_page' id='page_1' title='image "./registrumpalati00kellgoog_0317.png"; bbox 0 0 3562 5714; ppageno 0'>
   <div class='ocr_carea' id='block_1_1' title="bbox 495 841 1365 909">
    <p class='ocr_par' dir='ltr' id='par_1_1' title="bbox 495 841 1365 909">
     <span class='ocr_line' id='line_1_1' title="bbox 495 841 1365 909; baseline 0.01 -9"><span class='ocrx_word' id='word_1_1' title='bbox 495 849 694 902; x_wconf 75' lang='lat' dir='ltr'><strong>sumemus</strong></span> <span class='ocrx_word' id='word_1_2' title='bbox 716 847 922 904; x_wconf 71' lang='lat' dir='ltr'><strong>alimmum</strong></span> <span class='ocrx_word' id='word_1_3' title='bbox 944 853 1186 906; x_wconf 81' lang='lat' dir='ltr'><strong>nuumnnusn</strong></span> <span class='ocrx_word' id='word_1_4' title='bbox 1301 841 1365 909; x_wconf 84' lang='lat'><strong>933</strong></span> 
     </span>
    </p>
   </div>
   <div class='ocr_carea' id='block_1_2' title="bbox 306 1039 1516 3091">
    <p class='ocr_par' dir='ltr' id='par_1_2' title="bbox 647 1039 1516 1132">
     <span class='ocr_line' id='line_1_2' title="bbox 647 1039 1516 1132; baseline 0.007 -27"><span class='ocrx_word' id='word_1_5' title='bbox 647 1039 839 1118; x_wconf 78' lang='lat' dir='ltr'><strong>Edwardus,</strong></span> <span class='ocrx_word' id='word_1_6' title='bbox 877 1041 941 1107; x_wconf 90' lang='lat' dir='ltr'><strong>Dei</strong></span> <span class='ocrx_word' id='word_1_7' title='bbox 969 1043 1086 1130; x_wconf 80' lang='lat' dir='ltr'><strong>gratia,</strong></span> <span class='ocrx_word' id='word_1_8' title='bbox 1122 1065 1183 1110; x_wconf 83' lang='lat' dir='ltr'><strong>rex</strong></span> <span class='ocrx_word' id='word_1_9' title='bbox 1220 1042 1360 1131; x_wconf 83' lang='lat' dir='ltr'><strong>Angliae,</strong></span> <span class='ocrx_word' id='word_1_10' title='bbox 1391 1052 1448 1096; x_wconf 68' lang='lat' dir='ltr'><strong>AJJ·</strong></span> <span class='ocrx_word' id='word_1_11' title='bbox 1457 1055 1516 1132; x_wconf 57' lang='lat'><strong>1⁸3&amp;</strong></span> 
     </span>
    </p>

    <p class='ocr_par' dir='ltr' id='par_1_3' title="bbox 306 1114 1507 3091">
     <span class='ocr_line' id='line_1_3' title="bbox 472 1114 1506 1232; baseline 0.004 -27"><span class='ocrx_word' id='word_1_12' title='bbox 472 1167 474 1175; x_wconf 68' lang='lat'>‹</span> <span class='ocrx_word' id='word_1_13' title='bbox 604 1141 756 1206; x_wconf 72' lang='lat' dir='ltr'><strong>dominus</strong></span> <span class='ocrx_word' id='word_1_14' title='bbox 787 1141 968 1222; x_wconf 68' lang='lat' dir='ltr'><strong>masmae,</strong></span> <span class='ocrx_word' id='word_1_15' title='bbox 991 1149 1027 1210; x_wconf 71' lang='lat' dir='ltr'><strong>ee</strong></span> <span class='ocrx_word' id='word_1_16' title='bbox 1056 1145 1127 1210; x_wconf 74' lang='lat' dir='ltr'><strong>oux</strong></span> <span class='ocrx_word' id='word_1_17' title='bbox 1156 1143 1360 1232; x_wconf 69' lang='lat' dir='ltr'><strong>Aquitanis,</strong></span> <span class='ocrx_word' id='word_1_18' title='bbox 1373 1114 1506 1209; x_wconf 51' lang='lat' dir='ltr'><strong>thatim</strong></span> 
     </span>
     <span class='ocr_line' id='line_1_4' title="bbox 314 1217 1493 1334; baseline 0.003 -29"><span class='ocrx_word' id='word_1_19' title='bbox 314 1241 496 1308; x_wconf 81' lang='lat' dir='ltr'><strong>venerabili</strong></span> <span class='ocrx_word' id='word_1_20' title='bbox 529 1243 566 1308; x_wconf 90' lang='lat' dir='ltr'><strong>in</strong></span> <span class='ocrx_word' id='word_1_21' title='bbox 603 1242 734 1310; x_wconf 82' lang='lat' dir='ltr'><strong>Christo</strong></span> <span class='ocrx_word' id='word_1_22' title='bbox 768 1244 867 1331; x_wconf 87' lang='lat' dir='ltr'><strong>patri,</strong></span> <span class='ocrx_word' id='word_1_23' title='bbox 906 1245 1056 1324; x_wconf 88' lang='lat' dir='ltr'><strong>Ricardo,</strong></span> <span class='ocrx_word' id='word_1_24' title='bbox 1095 1246 1208 1313; x_wconf 89' lang='lat' dir='ltr'><strong>eadem</strong></span> <span class='ocrx_word' id='word_1_25' title='bbox 1241 1248 1357 1334; x_wconf 84' lang='lat' dir='ltr'><strong>gratia,</strong></span> <span class='ocrx_word' id='word_1_26' title='bbox 1371 1217 1493 1334; x_wconf 53' lang='lat' dir='ltr'><strong>{affluo</strong></span> 
     </span>
     <span class='ocr_line' id='line_1_5' title="bbox 313 1277 1476 1436; baseline 0.001 -26"><span class='ocrx_word' id='word_1_27' title='bbox 313 1344 464 1432; x_wconf 88' lang='lat' dir='ltr'><strong>episcopo</strong></span> <span class='ocrx_word' id='word_1_28' title='bbox 486 1344 711 1427; x_wconf 88' lang='lat' dir='ltr'><strong>Dunolmensi,</strong></span> <span class='ocrx_word' id='word_1_29' title='bbox 735 1346 883 1414; x_wconf 87' lang='lat' dir='ltr'><strong>salutem.</strong></span> <span class='ocrx_word' id='word_1_30' title='bbox 929 1347 1125 1414; x_wconf 84' lang='lat' dir='ltr'><strong>Mandamus</strong></span> <span class='ocrx_word' id='word_1_31' title='bbox 1147 1349 1250 1428; x_wconf 88' lang='lat' dir='ltr'><strong>vobis,</strong></span> <span class='ocrx_word' id='word_1_32' title='bbox 1273 1349 1361 1436; x_wconf 87' lang='lat' dir='ltr'><strong>quod</strong></span> <span class='ocrx_word' id='word_1_33' title='bbox 1372 1277 1476 1411; x_wconf 59' lang='lat' dir='ltr'><strong>slliilb</strong></span> 
     </span>
     <span class='ocr_line' id='line_1_6' title="bbox 312 1445 1362 1536; baseline 0.005 -25"><span class='ocrx_word' id='word_1_34' title='bbox 312 1447 425 1512; x_wconf 90' lang='lat' dir='ltr'><strong>venire</strong></span> <span class='ocrx_word' id='word_1_35' title='bbox 455 1445 585 1513; x_wconf 82' lang='lat' dir='ltr'><strong>faciatis</strong></span> <span class='ocrx_word' id='word_1_36' title='bbox 618 1469 726 1514; x_wconf 90' lang='lat' dir='ltr'><strong>coram</strong></span> <span class='ocrx_word' id='word_1_37' title='bbox 752 1447 946 1533; x_wconf 84' lang='lat' dir='ltr'><strong>justiciariis</strong></span> <span class='ocrx_word' id='word_1_38' title='bbox 975 1451 1105 1530; x_wconf 89' lang='lat' dir='ltr'><strong>nostris,</strong></span> <span class='ocrx_word' id='word_1_39' title='bbox 1135 1451 1223 1536; x_wconf 91' lang='lat' dir='ltr'><strong>apud</strong></span> <span class='ocrx_word' id='word_1_40' title='bbox 1253 1450 1362 1516; x_wconf 84' lang='lat' dir='ltr'><strong>West-</strong></span> 
     </span>
     <span class='ocr_line' id='line_1_7' title="bbox 311 1548 1361 1636; baseline 0.003 -24"><span class='ocrx_word' id='word_1_41' title='bbox 311 1548 554 1630; x_wconf 86' lang='lat' dir='ltr'><strong>monasterium,</strong></span> <span class='ocrx_word' id='word_1_42' title='bbox 583 1571 603 1613; x_wconf 98' lang='lat' dir='ltr'><strong>a</strong></span> <span class='ocrx_word' id='word_1_43' title='bbox 626 1549 680 1614; x_wconf 88' lang='lat' dir='ltr'><strong>die</strong></span> <span class='ocrx_word' id='word_1_44' title='bbox 703 1548 844 1628; x_wconf 76' lang='lat' dir='ltr'>Paschae,</span> <span class='ocrx_word' id='word_1_45' title='bbox 860 1550 896 1614; x_wconf 93' lang='lat' dir='ltr'><strong>in</strong></span> <span class='ocrx_word' id='word_1_46' title='bbox 918 1556 985 1615; x_wconf 88' lang='lat' dir='ltr'><strong>tres</strong></span> <span class='ocrx_word' id='word_1_47' title='bbox 1007 1552 1215 1636; x_wconf 87' lang='lat' dir='ltr'><strong>septimanas,</strong></span> <span class='ocrx_word' id='word_1_48' title='bbox 1235 1551 1361 1617; x_wconf 88' lang='lat' dir='ltr'><strong>Johan·</strong></span> 
     </span>
     <span class='ocr_line' id='line_1_8' title="bbox 310 1649 1360 1739; baseline 0.004 -25"><span class='ocrx_word' id='word_1_49' title='bbox 310 1671 385 1714; x_wconf 90' lang='lat' dir='ltr'><strong>nem</strong></span> <span class='ocrx_word' id='word_1_50' title='bbox 401 1650 442 1714; x_wconf 87' lang='lat' dir='ltr'><strong>dc</strong></span> <span class='ocrx_word' id='word_1_51' title='bbox 457 1649 601 1728; x_wconf 90' lang='lat' dir='ltr'><strong>Horbiri‚</strong></span> <span class='ocrx_word' id='word_1_52' title='bbox 624 1671 794 1736; x_wconf 81' lang='lat' dir='ltr'><strong>personam</strong></span> <span class='ocrx_word' id='word_1_53' title='bbox 811 1653 952 1718; x_wconf 72' lang='lat' dir='ltr'><strong>ecclemae</strong></span> <span class='ocrx_word' id='word_1_54' title='bbox 966 1653 1007 1718; x_wconf 89' lang='lat' dir='ltr'><strong>de</strong></span> <span class='ocrx_word' id='word_1_55' title='bbox 1024 1652 1194 1739; x_wconf 89' lang='lat' dir='ltr'><strong>Horseley,</strong></span> <span class='ocrx_word' id='word_1_56' title='bbox 1209 1654 1360 1720; x_wconf 88' lang='lat' dir='ltr'><strong>clericum</strong></span> 
     </span>
     <span class='ocr_line' id='line_1_9' title="bbox 309 1751 1360 1842; baseline 0.003 -25"><span class='ocrx_word' id='word_1_57' title='bbox 309 1756 465 1828; x_wconf 85' lang='lat' dir='ltr'><strong>vestrum,</strong></span> <span class='ocrx_word' id='word_1_58' title='bbox 482 1751 524 1816; x_wconf 87' lang='lat' dir='ltr'><strong>ad</strong></span> <span class='ocrx_word' id='word_1_59' title='bbox 539 1752 801 1839; x_wconf 87' lang='lat' dir='ltr'><strong>respondendum</strong></span> <span class='ocrx_word' id='word_1_60' title='bbox 815 1752 839 1817; x_wconf 90' lang='lat' dir='ltr'><strong>J</strong></span> <span class='ocrx_word' id='word_1_61' title='bbox 840 1754 963 1818; x_wconf 89' lang='lat' dir='ltr'><strong>ohanni</strong></span> <span class='ocrx_word' id='word_1_62' title='bbox 978 1754 1018 1819; x_wconf 87' lang='lat' dir='ltr'><strong>dc</strong></span> <span class='ocrx_word' id='word_1_63' title='bbox 1034 1753 1220 1842; x_wconf 85' lang='lat' dir='ltr'><strong>Pykering&#39;,</strong></span> <span class='ocrx_word' id='word_1_64' title='bbox 1235 1754 1360 1835; x_wconf 84' lang='lat' dir='ltr'><strong>clerica,</strong></span> 
     </span>
     <span class='ocr_line' id='line_1_10' title="bbox 306 1853 1359 1942; baseline 0.005 -24"><span class='ocrx_word' id='word_1_65' title='bbox 306 1853 442 1941; x_wconf 90' lang='lat' dir='ltr'><strong>juniori,</strong></span> <span class='ocrx_word' id='word_1_66' title='bbox 463 1854 504 1919; x_wconf 90' lang='lat' dir='ltr'><strong>de</strong></span> <span class='ocrx_word' id='word_1_67' title='bbox 527 1853 649 1940; x_wconf 89' lang='lat' dir='ltr'><strong>placito</strong></span> <span class='ocrx_word' id='word_1_68' title='bbox 672 1854 760 1941; x_wconf 90' lang='lat' dir='ltr'><strong>quod</strong></span> <span class='ocrx_word' id='word_1_69' title='bbox 774 1855 892 1922; x_wconf 88' lang='lat' dir='ltr'><strong>reddat</strong></span> <span class='ocrx_word' id='word_1_70' title='bbox 913 1857 944 1922; x_wconf 93' lang='lat' dir='ltr'><strong>ei</strong></span> <span class='ocrx_word' id='word_1_71' title='bbox 966 1879 1021 1921; x_wconf 84' lang='lat' dir='ltr'><strong>xx.</strong></span> <span class='ocrx_word' id='word_1_72' title='bbox 1045 1857 1213 1942; x_wconf 84' lang='lat' dir='ltr'><strong>quartaria</strong></span> <span class='ocrx_word' id='word_1_73' title='bbox 1237 1877 1359 1939; x_wconf 83' lang='lat' dir='ltr'><strong>avenae,</strong></span> 
     </span>
     <span class='ocr_line' id='line_1_11' title="bbox 311 1955 1361 2043; baseline 0.003 -22"><span class='ocrx_word' id='word_1_74' title='bbox 311 1955 410 2042; x_wconf 88' lang='lat' dir='ltr'><strong>pretii</strong></span> <span class='ocrx_word' id='word_1_75' title='bbox 439 1955 584 2042; x_wconf 90' lang='lat' dir='ltr'><strong>quinque</strong></span> <span class='ocrx_word' id='word_1_76' title='bbox 615 1977 808 2036; x_wconf 90' lang='lat' dir='ltr'><strong>marcarum,</strong></span> <span class='ocrx_word' id='word_1_77' title='bbox 830 1979 904 2043; x_wconf 87' lang='lat' dir='ltr'><strong>quae</strong></span> <span class='ocrx_word' id='word_1_78' title='bbox 936 1957 967 2023; x_wconf 90' lang='lat' dir='ltr'><strong>ei</strong></span> <span class='ocrx_word' id='word_1_79' title='bbox 998 1958 1122 2042; x_wconf 85' lang='lat' dir='ltr'><strong>injuste</strong></span> <span class='ocrx_word' id='word_1_80' title='bbox 1155 1958 1290 2037; x_wconf 88' lang='lat' dir='ltr'><strong>detinet,</strong></span> <span class='ocrx_word' id='word_1_81' title='bbox 1321 1965 1361 2024; x_wconf 87' lang='lat' dir='ltr'><strong>ut</strong></span> 
     </span>
     <span class='ocr_line' id='line_1_12' title="bbox 311 2057 1360 2138; baseline 0.003 -17"><span class='ocrx_word' id='word_1_82' title='bbox 311 2057 414 2138; x_wconf 91' lang='lat' dir='ltr'><strong>dicit;</strong></span> <span class='ocrx_word' id='word_1_83' title='bbox 445 2062 480 2123; x_wconf 92' lang='lat' dir='ltr'><strong>et</strong></span> <span class='ocrx_word' id='word_1_84' title='bbox 501 2057 590 2122; x_wconf 89' lang='lat' dir='ltr'><strong>unde</strong></span> <span class='ocrx_word' id='word_1_85' title='bbox 627 2058 807 2124; x_wconf 74' lang='lat' dir='ltr'><strong>vicecomes</strong></span> <span class='ocrx_word' id='word_1_86' title='bbox 837 2064 950 2125; x_wconf 83' lang='lat' dir='ltr'><strong>noster</strong></span> <span class='ocrx_word' id='word_1_87' title='bbox 981 2059 1231 2125; x_wconf 84' lang='lat' dir='ltr'><strong>Northumbriae</strong></span> <span class='ocrx_word' id='word_1_88' title='bbox 1268 2081 1360 2124; x_wconf 89' lang='lat' dir='ltr'><strong>man·</strong></span> 
     </span>
     <span class='ocr_line' id='line_1_13' title="bbox 312 2157 1362 2246; baseline 0.002 -22"><span class='ocrx_word' id='word_1_89' title='bbox 312 2157 406 2225; x_wconf 87' lang='lat' dir='ltr'><strong>davit</strong></span> <span class='ocrx_word' id='word_1_90' title='bbox 434 2159 630 2244; x_wconf 73' lang='lat' dir='ltr'><strong>justiciariis</strong></span> <span class='ocrx_word' id='word_1_91' title='bbox 661 2161 793 2238; x_wconf 86' lang='lat' dir='ltr'><strong>nostris,</strong></span> <span class='ocrx_word' id='word_1_92' title='bbox 831 2160 919 2246; x_wconf 86' lang='lat' dir='ltr'><strong>apud</strong></span> <span class='ocrx_word' id='word_1_93' title='bbox 953 2159 1291 2238; x_wconf 70' lang='lat' dir='ltr'><strong>westmonasterium,</strong></span> <span class='ocrx_word' id='word_1_94' title='bbox 1325 2161 1362 2226; x_wconf 94' lang='lat' dir='ltr'><strong>in</strong></span> 
     </span>
     <span class='ocr_line' id='line_1_14' title="bbox 313 2259 1362 2350; baseline 0.003 -25"><span class='ocrx_word' id='word_1_95' title='bbox 313 2261 457 2326; x_wconf 84' lang='lat' dir='ltr'><strong>crastino</strong></span> <span class='ocrx_word' id='word_1_96' title='bbox 480 2259 595 2325; x_wconf 81' lang='lat' dir='ltr'><strong>Sancti</strong></span> <span class='ocrx_word' id='word_1_97' title='bbox 626 2260 775 2340; x_wconf 86' lang='lat' dir='ltr'><strong>Martini,</strong></span> <span class='ocrx_word' id='word_1_98' title='bbox 799 2262 886 2348; x_wconf 92' lang='lat' dir='ltr'><strong>quod</strong></span> <span class='ocrx_word' id='word_1_99' title='bbox 909 2262 1085 2350; x_wconf 85' lang='lat' dir='ltr'><strong>praediotus</strong></span> <span class='ocrx_word' id='word_1_100' title='bbox 1114 2262 1284 2328; x_wconf 86' lang='lat' dir='ltr'><strong>Jobannes</strong></span> <span class='ocrx_word' id='word_1_101' title='bbox 1321 2262 1362 2328; x_wconf 90' lang='lat' dir='ltr'><strong>de</strong></span> 
     </span>
     <span class='ocr_line' id='line_1_15' title="bbox 313 2361 1362 2448; baseline 0.003 -22"><span class='ocrx_word' id='word_1_102' title='bbox 313 2362 462 2448; x_wconf 85' lang='lat' dir='ltr'><strong>Horbiry</strong></span> <span class='ocrx_word' id='word_1_103' title='bbox 484 2361 618 2428; x_wconf 88' lang='lat' dir='ltr'><strong>clericus</strong></span> <span class='ocrx_word' id='word_1_104' title='bbox 649 2366 709 2440; x_wconf 88' lang='lat' dir='ltr'><strong>est,</strong></span> <span class='ocrx_word' id='word_1_105' title='bbox 731 2367 766 2428; x_wconf 89' lang='lat' dir='ltr'><strong>ct</strong></span> <span class='ocrx_word' id='word_1_106' title='bbox 794 2363 985 2429; x_wconf 89' lang='lat' dir='ltr'><strong>nonhabet</strong></span> <span class='ocrx_word' id='word_1_107' title='bbox 1007 2364 1126 2430; x_wconf 90' lang='lat' dir='ltr'><strong>laicum</strong></span> <span class='ocrx_word' id='word_1_108' title='bbox 1160 2364 1302 2444; x_wconf 82' lang='lat' dir='ltr'><strong>feodum,</strong></span> <span class='ocrx_word' id='word_1_109' title='bbox 1325 2364 1362 2430; x_wconf 94' lang='lat' dir='ltr'><strong>in</strong></span> 
     </span>
     <span class='ocr_line' id='line_1_16' title="bbox 312 2465 1361 2552; baseline 0 -22"><span class='ocrx_word' id='word_1_110' title='bbox 312 2465 436 2530; x_wconf 86' lang='lat' dir='ltr'><strong>balliva</strong></span> <span class='ocrx_word' id='word_1_111' title='bbox 468 2487 537 2546; x_wconf 85' lang='lat' dir='ltr'><strong>sua,</strong></span> <span class='ocrx_word' id='word_1_112' title='bbox 560 2465 619 2530; x_wconf 93' lang='lat' dir='ltr'><strong>ubi</strong></span> <span class='ocrx_word' id='word_1_113' title='bbox 652 2469 762 2552; x_wconf 86' lang='lat' dir='ltr'><strong>potest</strong></span> <span class='ocrx_word' id='word_1_114' title='bbox 792 2465 998 2531; x_wconf 85' lang='lat' dir='ltr'><strong>summoneri.</strong></span> <span class='ocrx_word' id='word_1_115' title='bbox 1043 2467 1089 2531; x_wconf 86' lang='lat' dir='ltr'><strong>Et</strong></span> <span class='ocrx_word' id='word_1_116' title='bbox 1124 2465 1276 2532; x_wconf 88' lang='lat' dir='ltr'><strong>habeatis</strong></span> <span class='ocrx_word' id='word_1_117' title='bbox 1312 2465 1361 2530; x_wconf 93' lang='lat' dir='ltr'><strong>ibi</strong></span> 
     </span>
     <span class='ocr_line' id='line_1_17' title="bbox 313 2566 1360 2656; baseline 0.002 -24"><span class='ocrx_word' id='word_1_118' title='bbox 313 2568 374 2632; x_wconf 89' lang='lat' dir='ltr'><strong>hoo</strong></span> <span class='ocrx_word' id='word_1_119' title='bbox 406 2566 515 2633; x_wconf 89' lang='lat' dir='ltr'><strong>breve.</strong></span> <span class='ocrx_word' id='word_1_120' title='bbox 560 2567 666 2644; x_wconf 86' lang='lat' dir='ltr'><strong>Teste,</strong></span> <span class='ocrx_word' id='word_1_121' title='bbox 690 2566 739 2632; x_wconf 91' lang='lat' dir='ltr'><strong>W.</strong></span> <span class='ocrx_word' id='word_1_122' title='bbox 764 2566 805 2631; x_wconf 91' lang='lat' dir='ltr'><strong>de</strong></span> <span class='ocrx_word' id='word_1_123' title='bbox 829 2566 986 2646; x_wconf 76' lang='lat' dir='ltr'><strong>Berrbrd’,</strong></span> <span class='ocrx_word' id='word_1_124' title='bbox 1016 2567 1107 2656; x_wconf 90' lang='lat' dir='ltr'><strong>apud</strong></span> <span class='ocrx_word' id='word_1_125' title='bbox 1139 2567 1360 2634; x_wconf 83' lang='lat' dir='ltr'><strong>Wcstmonas-</strong></span> 
     </span>
     <span class='ocr_line' id='line_1_18' title="bbox 313 2667 1379 2756; baseline 0.001 -22"><span class='ocrx_word' id='word_1_126' title='bbox 313 2668 443 2749; x_wconf 91' lang='lat' dir='ltr'><strong>terium,</strong></span> <span class='ocrx_word' id='word_1_127' title='bbox 478 2667 587 2754; x_wconf 75' lang='lat' dir='ltr'><strong>xxvjo.</strong></span> <span class='ocrx_word' id='word_1_128' title='bbox 612 2667 666 2733; x_wconf 90' lang='lat' dir='ltr'><strong>dic</strong></span> <span class='ocrx_word' id='word_1_129' title='bbox 700 2667 862 2747; x_wconf 88' lang='lat' dir='ltr'><strong>Januarii,</strong></span> <span class='ocrx_word' id='word_1_130' title='bbox 884 2690 972 2733; x_wconf 92' lang='lat' dir='ltr'><strong>anno</strong></span> <span class='ocrx_word' id='word_1_131' title='bbox 1005 2668 1098 2756; x_wconf 83' lang='lat' dir='ltr'><strong>regni</strong></span> <span class='ocrx_word' id='word_1_132' title='bbox 1120 2669 1226 2735; x_wconf 88' lang='lat' dir='ltr'><strong>nostri</strong></span> <span class='ocrx_word' id='word_1_133' title='bbox 1257 2676 1379 2737; x_wconf 83' lang='lat' dir='ltr'><strong>sexto.-</strong></span> 
     </span>
     <span class='ocr_line' id='line_1_19' title="bbox 312 2816 1498 2907; baseline 0.006 -23"><span class='ocrx_word' id='word_1_134' title='bbox 312 2818 599 2907; x_wconf 85' lang='lat' dir='ltr'><strong>Sequestravimus</strong></span> <span class='ocrx_word' id='word_1_135' title='bbox 621 2817 709 2884; x_wconf 91' lang='lat' dir='ltr'><strong>bona</strong></span> <span class='ocrx_word' id='word_1_136' title='bbox 724 2816 939 2884; x_wconf 82' lang='lat' dir='ltr'><strong>ecclesiastica</strong></span> <span class='ocrx_word' id='word_1_137' title='bbox 962 2819 1112 2905; x_wconf 85' lang='lat' dir='ltr'><strong>praedioti</strong></span> <span class='ocrx_word' id='word_1_138' title='bbox 1134 2818 1297 2884; x_wconf 88' lang='lat' dir='ltr'><strong>Johannis</strong></span> <span class='ocrx_word' id='word_1_139' title='bbox 1320 2820 1498 2891; x_wconf 64' lang='lat' dir='ltr'><strong>demessa</strong></span> 
     </span>
     <span class='ocr_line' id='line_1_20' title="bbox 313 2895 1507 3008; baseline 0.005 -22"><span class='ocrx_word' id='word_1_140' title='bbox 313 2920 471 3008; x_wconf 86' lang='lat' dir='ltr'><strong>Horbiry‚</strong></span> <span class='ocrx_word' id='word_1_141' title='bbox 495 2920 706 3008; x_wconf 83' lang='lat' dir='ltr'><strong>injungentes</strong></span> <span class='ocrx_word' id='word_1_142' title='bbox 728 2919 834 2986; x_wconf 87' lang='lat' dir='ltr'><strong>eidem</strong></span> <span class='ocrx_word' id='word_1_143' title='bbox 857 2919 946 3005; x_wconf 90' lang='lat' dir='ltr'><strong>quod</strong></span> <span class='ocrx_word' id='word_1_144' title='bbox 967 2921 1013 2986; x_wconf 90' lang='lat' dir='ltr'><strong>sit</strong></span> <span class='ocrx_word' id='word_1_145' title='bbox 1034 2921 1077 2988; x_wconf 85' lang='lat' dir='ltr'><strong>ad</strong></span> <span class='ocrx_word' id='word_1_146' title='bbox 1100 2921 1188 2988; x_wconf 88' lang='lat' dir='ltr'><strong>diem</strong></span> <span class='ocrx_word' id='word_1_147' title='bbox 1210 2921 1246 2986; x_wconf 92' lang='lat' dir='ltr'><strong>in</strong></span> <span class='ocrx_word' id='word_1_148' title='bbox 1268 2895 1507 2999; x_wconf 64' lang='lat' dir='ltr'><strong>breviilinll&#39;lirrt.</strong></span> 
     </span>
     <span class='ocr_line' id='line_1_21' title="bbox 312 3027 511 3091; baseline -0.01 -1"><span class='ocrx_word' id='word_1_149' title='bbox 312 3027 511 3091; x_wconf 87' lang='lat' dir='ltr'><strong>contentum.</strong></span> 
     </span>
    </p>
   </div>
   <div class='ocr_carea' id='block_1_3' title="bbox 307 3171 1520 4680">
    <p class='ocr_par' dir='ltr' id='par_1_4' title="bbox 311 3171 1520 3670">
     <span class='ocr_line' id='line_1_22' title="bbox 311 3171 1504 3272; baseline 0.003 -31"><span class='ocrx_word' id='word_1_150' title='bbox 311 3217 377 3269; x_wconf 77' lang='lat' dir='ltr'><strong>rtem</strong></span> <span class='ocrx_word' id='word_1_151' title='bbox 387 3215 543 3268; x_wconf 68' lang='lat' dir='ltr'><strong>modumve</strong></span> <span class='ocrx_word' id='word_1_152' title='bbox 623 3174 817 3252; x_wconf 87' lang='lat' dir='ltr'><strong>Edwardus,</strong></span> <span class='ocrx_word' id='word_1_153' title='bbox 842 3174 906 3241; x_wconf 91' lang='lat' dir='ltr'><strong>Dei</strong></span> <span class='ocrx_word' id='word_1_154' title='bbox 928 3175 1120 3263; x_wconf 69' lang='lat' dir='ltr'><strong>gratiaram</strong></span> <span class='ocrx_word' id='word_1_155' title='bbox 1134 3176 1275 3264; x_wconf 81' lang='lat' dir='ltr'><strong>Angliae,</strong></span> <span class='ocrx_word' id='word_1_156' title='bbox 1303 3179 1361 3244; x_wconf 87' lang='lat' dir='ltr'><strong>do·</strong></span> <span class='ocrx_word' id='word_1_157' title='bbox 1373 3171 1504 3272; x_wconf 49' lang='lat' dir='ltr'><strong>stiffi,</strong></span> 
     </span>
     <span class='ocr_line' id='line_1_23' title="bbox 311 3271 1520 3373; baseline 0.009 -38"><span class='ocrx_word' id='word_1_158' title='bbox 311 3298 358 3360; x_wconf 64' lang='lat' dir='ltr'><strong>ppo</strong></span> <span class='ocrx_word' id='word_1_159' title='bbox 370 3284 457 3335; x_wconf 68' lang='lat' dir='ltr'><strong>adem</strong></span> <span class='ocrx_word' id='word_1_160' title='bbox 466 3285 545 3336; x_wconf 78' lang='lat' dir='ltr'><strong>eecle-</strong></span> <span class='ocrx_word' id='word_1_161' title='bbox 578 3276 689 3342; x_wconf 86' lang='lat' dir='ltr'><strong>minus</strong></span> <span class='ocrx_word' id='word_1_162' title='bbox 704 3276 884 3355; x_wconf 72' lang='lat' dir='ltr'><strong>Hiberniae,</strong></span> <span class='ocrx_word' id='word_1_163' title='bbox 899 3282 934 3342; x_wconf 89' lang='lat' dir='ltr'><strong>et</strong></span> <span class='ocrx_word' id='word_1_164' title='bbox 956 3277 1027 3342; x_wconf 86' lang='lat' dir='ltr'><strong>dux</strong></span> <span class='ocrx_word' id='word_1_165' title='bbox 1041 3277 1239 3364; x_wconf 82' lang='lat' dir='ltr'><strong>Aquitaniae,</strong></span> <span class='ocrx_word' id='word_1_166' title='bbox 1262 3271 1520 3373; x_wconf 51' lang='lat' dir='ltr'><strong>vene-{ffgllssusslg</strong></span> 
     </span>
     <span class='ocr_line' id='line_1_24' title="bbox 312 3365 1489 3465; baseline 0.002 -21"><span class='ocrx_word' id='word_1_167' title='bbox 312 3365 355 3402; x_wconf 66' lang='lat'><strong>⁸¹²</strong></span> <span class='ocrx_word' id='word_1_168' title='bbox 578 3378 680 3444; x_wconf 70' lang='lat' dir='ltr'><strong>raam</strong></span> <span class='ocrx_word' id='word_1_169' title='bbox 702 3379 740 3442; x_wconf 74' lang='lat' dir='ltr'><strong>in</strong></span> <span class='ocrx_word' id='word_1_170' title='bbox 770 3377 904 3444; x_wconf 67' lang='lat' dir='ltr'><strong>christo</strong></span> <span class='ocrx_word' id='word_1_171' title='bbox 936 3379 1033 3465; x_wconf 68' lang='lat' dir='ltr'><strong>paeri,</strong></span> <span class='ocrx_word' id='word_1_172' title='bbox 1067 3379 1215 3458; x_wconf 74' lang='lat' dir='ltr'><strong>niardo,</strong></span> <span class='ocrx_word' id='word_1_173' title='bbox 1249 3371 1489 3463; x_wconf 63' lang='lat' dir='ltr'><strong>ea‹101n⁸„⁰,¹¹,*,‡giou</strong></span> 
     </span>
     <span class='ocr_line' id='line_1_25' title="bbox 312 3469 1517 3570; baseline -0.002 -20"><span class='ocrx_word' id='word_1_174' title='bbox 312 3484 428 3570; x_wconf 84' lang='lat' dir='ltr'><strong>gratia,</strong></span> <span class='ocrx_word' id='word_1_175' title='bbox 467 3482 617 3570; x_wconf 84' lang='lat' dir='ltr'><strong>episcopo</strong></span> <span class='ocrx_word' id='word_1_176' title='bbox 649 3479 875 3556; x_wconf 91' lang='lat' dir='ltr'><strong>Dunelmensi‚</strong></span> <span class='ocrx_word' id='word_1_177' title='bbox 912 3480 1060 3545; x_wconf 87' lang='lat' dir='ltr'><strong>salutem.</strong></span> <span class='ocrx_word' id='word_1_178' title='bbox 1120 3469 1517 3565; x_wconf 52' lang='lat' dir='ltr'><strong>Conturbamurssfflfflbsslffl</strong></span> 
     </span>
     <span class='ocr_line' id='line_1_26' title="bbox 312 3582 1364 3670; baseline -0.001 -20"><span class='ocrx_word' id='word_1_179' title='bbox 312 3587 458 3667; x_wconf 83' lang='lat' dir='ltr'><strong>interius,</strong></span> <span class='ocrx_word' id='word_1_180' title='bbox 480 3605 541 3650; x_wconf 90' lang='lat' dir='ltr'><strong>nec</strong></span> <span class='ocrx_word' id='word_1_181' title='bbox 561 3583 737 3660; x_wconf 88' lang='lat' dir='ltr'><strong>immerito,</strong></span> <span class='ocrx_word' id='word_1_182' title='bbox 752 3585 787 3647; x_wconf 92' lang='lat' dir='ltr'><strong>et</strong></span> <span class='ocrx_word' id='word_1_183' title='bbox 797 3601 982 3661; x_wconf 89' lang='lat' dir='ltr'><strong>movemur,</strong></span> <span class='ocrx_word' id='word_1_184' title='bbox 998 3582 1077 3646; x_wconf 92' lang='lat' dir='ltr'><strong>dum</strong></span> <span class='ocrx_word' id='word_1_185' title='bbox 1095 3582 1248 3669; x_wconf 68' lang='lat' dir='ltr'><strong>praelatos</strong></span> <span class='ocrx_word' id='word_1_186' title='bbox 1271 3585 1364 3670; x_wconf 85' lang='lat' dir='ltr'><strong>regni</strong></span> 
     </span>
    </p>

    <p class='ocr_par' dir='ltr' id='par_1_5' title="bbox 311 3682 1363 3772">
     <span class='ocr_line' id='line_1_27' title="bbox 311 3682 1363 3772; baseline -0.003 -19"><span class='ocrx_word' id='word_1_187' title='bbox 311 3688 423 3765; x_wconf 89' lang='lat' dir='ltr'><strong>nostri,</strong></span> <span class='ocrx_word' id='word_1_188' title='bbox 447 3686 514 3772; x_wconf 90' lang='lat' dir='ltr'><strong>qui,</strong></span> <span class='ocrx_word' id='word_1_189' title='bbox 530 3685 592 3750; x_wconf 90' lang='lat' dir='ltr'><strong>sub</strong></span> <span class='ocrx_word' id='word_1_190' title='bbox 613 3683 785 3749; x_wconf 90' lang='lat' dir='ltr'><strong>fidelitatis</strong></span> <span class='ocrx_word' id='word_1_191' title='bbox 800 3704 868 3748; x_wconf 82' lang='lat' dir='ltr'><strong>suae</strong></span> <span class='ocrx_word' id='word_1_192' title='bbox 883 3682 1003 3760; x_wconf 84' lang='lat' dir='ltr'><strong>debito,</strong></span> <span class='ocrx_word' id='word_1_193' title='bbox 1018 3683 1060 3747; x_wconf 89' lang='lat' dir='ltr'><strong>ad</strong></span> <span class='ocrx_word' id='word_1_194' title='bbox 1084 3685 1363 3750; x_wconf 82' lang='lat' dir='ltr'><strong>conservationem</strong></span> 
     </span>
    </p>

    <p class='ocr_par' dir='ltr' id='par_1_6' title="bbox 307 3784 1364 3874">
     <span class='ocr_line' id='line_1_28' title="bbox 307 3784 1364 3874; baseline 0 -22"><span class='ocrx_word' id='word_1_195' title='bbox 307 3789 435 3874; x_wconf 90' lang='lat' dir='ltr'><strong>jurium</strong></span> <span class='ocrx_word' id='word_1_196' title='bbox 457 3808 585 3854; x_wconf 89' lang='lat' dir='ltr'><strong>coronae</strong></span> <span class='ocrx_word' id='word_1_197' title='bbox 607 3791 736 3864; x_wconf 87' lang='lat' dir='ltr'><strong>nostrae,</strong></span> <span class='ocrx_word' id='word_1_198' title='bbox 760 3806 829 3850; x_wconf 88' lang='lat' dir='ltr'><strong>una</strong></span> <span class='ocrx_word' id='word_1_199' title='bbox 850 3785 1028 3863; x_wconf 87' lang='lat' dir='ltr'><strong>nobiscum,</strong></span> <span class='ocrx_word' id='word_1_200' title='bbox 1051 3784 1248 3872; x_wconf 85' lang='lat' dir='ltr'><strong>obligantur,</strong></span> <span class='ocrx_word' id='word_1_201' title='bbox 1271 3809 1306 3852; x_wconf 87' lang='lat' dir='ltr'><strong>se</strong></span> <span class='ocrx_word' id='word_1_202' title='bbox 1328 3788 1364 3852; x_wconf 90' lang='lat' dir='ltr'><strong>in</strong></span> 
     </span>
    </p>

    <p class='ocr_par' dir='ltr' id='par_1_7' title="bbox 312 3887 1364 3976">
     <span class='ocr_line' id='line_1_29' title="bbox 312 3887 1364 3976; baseline -0.002 -22"><span class='ocrx_word' id='word_1_203' title='bbox 312 3891 374 3956; x_wconf 88' lang='lat' dir='ltr'><strong>bac</strong></span> <span class='ocrx_word' id='word_1_204' title='bbox 395 3895 489 3976; x_wconf 84' lang='lat' dir='ltr'><strong>parte</strong></span> <span class='ocrx_word' id='word_1_205' title='bbox 503 3889 631 3975; x_wconf 89' lang='lat' dir='ltr'><strong>tepidos</strong></span> <span class='ocrx_word' id='word_1_206' title='bbox 644 3887 779 3954; x_wconf 87' lang='lat' dir='ltr'><strong>reddere</strong></span> <span class='ocrx_word' id='word_1_207' title='bbox 794 3887 1017 3975; x_wconf 89' lang='lat' dir='ltr'><strong>conspicimus,</strong></span> <span class='ocrx_word' id='word_1_208' title='bbox 1034 3892 1068 3952; x_wconf 90' lang='lat' dir='ltr'><strong>et</strong></span> <span class='ocrx_word' id='word_1_209' title='bbox 1081 3888 1239 3954; x_wconf 85' lang='lat' dir='ltr'><strong>remissos.</strong></span> <span class='ocrx_word' id='word_1_210' title='bbox 1280 3887 1364 3953; x_wconf 88' lang='lat' dir='ltr'><strong>Cum</strong></span> 
     </span>
    </p>

    <p class='ocr_par' dir='ltr' id='par_1_8' title="bbox 312 3982 1366 4079">
     <span class='ocr_line' id='line_1_30' title="bbox 312 3982 1366 4079; baseline -0.004 -21"><span class='ocrx_word' id='word_1_211' title='bbox 312 3993 425 4078; x_wconf 80' lang='lat' dir='ltr'><strong>itaque</strong></span> <span class='ocrx_word' id='word_1_212' title='bbox 447 3991 732 4079; x_wconf 84' lang='lat' dir='ltr'><strong>praesentatiouem</strong></span> <span class='ocrx_word' id='word_1_213' title='bbox 754 3982 901 4057; x_wconf 81' lang='lat' dir='ltr'><strong>nostram</strong></span> <span class='ocrx_word' id='word_1_214' title='bbox 924 3989 968 4054; x_wconf 84' lang='lat' dir='ltr'><strong>ad</strong></span> <span class='ocrx_word' id='word_1_215' title='bbox 990 3989 1156 4055; x_wconf 89' lang='lat' dir='ltr'><strong>ecclesiam</strong></span> <span class='ocrx_word' id='word_1_216' title='bbox 1180 3989 1220 4054; x_wconf 89' lang='lat' dir='ltr'><strong>de</strong></span> <span class='ocrx_word' id='word_1_217' title='bbox 1235 3989 1366 4056; x_wconf 88' lang='lat' dir='ltr'><strong>Wbite·</strong></span> 
     </span>
    </p>

    <p class='ocr_par' dir='ltr' id='par_1_9' title="bbox 311 4091 1366 4386">
     <span class='ocr_line' id='line_1_31' title="bbox 312 4091 1366 4179; baseline -0.001 -20"><span class='ocrx_word' id='word_1_218' title='bbox 312 4095 411 4176; x_wconf 89' lang='lat' dir='ltr'><strong>bcrn&#39;,</strong></span> <span class='ocrx_word' id='word_1_219' title='bbox 435 4099 554 4160; x_wconf 81' lang='lat' dir='ltr'><strong>vestrae</strong></span> <span class='ocrx_word' id='word_1_220' title='bbox 576 4093 733 4171; x_wconf 74' lang='lat' dir='ltr'><strong>dioecesis,</strong></span> <span class='ocrx_word' id='word_1_221' title='bbox 758 4092 885 4158; x_wconf 87' lang='lat' dir='ltr'><strong>ratione</strong></span> <span class='ocrx_word' id='word_1_222' title='bbox 909 4091 1114 4179; x_wconf 85' lang='lat' dir='ltr'><strong>episcopatus</strong></span> <span class='ocrx_word' id='word_1_223' title='bbox 1136 4091 1239 4156; x_wconf 88' lang='lat' dir='ltr'><strong>vestri</strong></span> <span class='ocrx_word' id='word_1_224' title='bbox 1260 4113 1366 4179; x_wconf 89' lang='lat' dir='ltr'><strong>nuper</strong></span> 
     </span>
     <span class='ocr_line' id='line_1_32' title="bbox 312 4193 1365 4276; baseline -0.003 -14"><span class='ocrx_word' id='word_1_225' title='bbox 312 4197 470 4276; x_wconf 83' lang='lat' dir='ltr'><strong>vacantis,</strong></span> <span class='ocrx_word' id='word_1_226' title='bbox 493 4201 527 4263; x_wconf 87' lang='lat' dir='ltr'><strong>et</strong></span> <span class='ocrx_word' id='word_1_227' title='bbox 548 4196 585 4261; x_wconf 93' lang='lat' dir='ltr'><strong>in</strong></span> <span class='ocrx_word' id='word_1_228' title='bbox 618 4216 719 4262; x_wconf 88' lang='lat' dir='ltr'><strong>manu</strong></span> <span class='ocrx_word' id='word_1_229' title='bbox 740 4199 856 4260; x_wconf 88' lang='lat' dir='ltr'><strong>nostra</strong></span> <span class='ocrx_word' id='word_1_230' title='bbox 877 4193 1058 4270; x_wconf 82' lang='lat' dir='ltr'><strong>existentis,</strong></span> <span class='ocrx_word' id='word_1_231' title='bbox 1081 4193 1117 4258; x_wconf 93' lang='lat' dir='ltr'><strong>in</strong></span> <span class='ocrx_word' id='word_1_232' title='bbox 1140 4193 1231 4258; x_wconf 89' lang='lat' dir='ltr'><strong>curia</strong></span> <span class='ocrx_word' id='word_1_233' title='bbox 1253 4199 1365 4259; x_wconf 87' lang='lat' dir='ltr'><strong>nostra</strong></span> 
     </span>
     <span class='ocr_line' id='line_1_33' title="bbox 311 4296 1365 4386; baseline -0.004 -22"><span class='ocrx_word' id='word_1_234' title='bbox 311 4299 620 4386; x_wconf 84' lang='lat' dir='ltr'><strong>recuperaverimus,</strong></span> <span class='ocrx_word' id='word_1_235' title='bbox 651 4301 721 4362; x_wconf 84' lang='lat' dir='ltr'><strong>tam</strong></span> <span class='ocrx_word' id='word_1_236' title='bbox 743 4316 857 4362; x_wconf 87' lang='lat' dir='ltr'><strong>versus</strong></span> <span class='ocrx_word' id='word_1_237' title='bbox 889 4317 957 4375; x_wconf 88' lang='lat' dir='ltr'><strong>vos,</strong></span> <span class='ocrx_word' id='word_1_238' title='bbox 988 4315 1087 4380; x_wconf 89' lang='lat' dir='ltr'><strong>quam</strong></span> <span class='ocrx_word' id='word_1_239' title='bbox 1119 4315 1232 4362; x_wconf 89' lang='lat' dir='ltr'><strong>versus</strong></span> <span class='ocrx_word' id='word_1_240' title='bbox 1254 4296 1365 4361; x_wconf 88' lang='lat' dir='ltr'><strong>Beral-</strong></span> 
     </span>
    </p>

    <p class='ocr_par' dir='ltr' id='par_1_10' title="bbox 312 4395 1367 4486">
     <span class='ocr_line' id='line_1_34' title="bbox 312 4395 1367 4486; baseline -0.004 -20"><span class='ocrx_word' id='word_1_241' title='bbox 312 4401 391 4466; x_wconf 91' lang='lat' dir='ltr'><strong>dum</strong></span> <span class='ocrx_word' id='word_1_242' title='bbox 432 4400 473 4466; x_wconf 89' lang='lat' dir='ltr'><strong>de</strong></span> <span class='ocrx_word' id='word_1_243' title='bbox 506 4400 636 4486; x_wconf 74' lang='lat' dir='ltr'><strong>Farch,</strong></span> <span class='ocrx_word' id='word_1_244' title='bbox 668 4399 725 4484; x_wconf 89' lang='lat' dir='ltr'><strong>qui</strong></span> <span class='ocrx_word' id='word_1_245' title='bbox 756 4396 951 4486; x_wconf 88' lang='lat' dir='ltr'><strong>possessioni</strong></span> <span class='ocrx_word' id='word_1_246' title='bbox 985 4396 1082 4462; x_wconf 81' lang='lat' dir='ltr'><strong>dictae</strong></span> <span class='ocrx_word' id='word_1_247' title='bbox 1116 4395 1265 4473; x_wconf 90' lang='lat' dir='ltr'><strong>ecclesiae,</strong></span> <span class='ocrx_word' id='word_1_248' title='bbox 1299 4418 1367 4462; x_wconf 91' lang='lat' dir='ltr'><strong>non</strong></span> 
     </span>
    </p>

    <p class='ocr_par' dir='ltr' id='par_1_11' title="bbox 312 4499 1366 4590">
     <span class='ocr_line' id='line_1_35' title="bbox 312 4499 1366 4590; baseline -0.004 -22"><span class='ocrx_word' id='word_1_249' title='bbox 312 4503 382 4568; x_wconf 91' lang='lat' dir='ltr'><strong>sine</strong></span> <span class='ocrx_word' id='word_1_250' title='bbox 414 4501 508 4590; x_wconf 84' lang='lat' dir='ltr'><strong>gravi</strong></span> <span class='ocrx_word' id='word_1_251' title='bbox 547 4499 737 4588; x_wconf 82' lang='lat' dir='ltr'><strong>praejudicio</strong></span> <span class='ocrx_word' id='word_1_252' title='bbox 777 4503 889 4564; x_wconf 88' lang='lat' dir='ltr'><strong>nostro</strong></span> <span class='ocrx_word' id='word_1_253' title='bbox 922 4501 957 4563; x_wconf 87' lang='lat' dir='ltr'><strong>et</strong></span> <span class='ocrx_word' id='word_1_254' title='bbox 995 4517 1121 4566; x_wconf 68' lang='lat' dir='ltr'><strong>corona)</strong></span> <span class='ocrx_word' id='word_1_255' title='bbox 1155 4503 1285 4579; x_wconf 83' lang='lat' dir='ltr'><strong>nostrae,</strong></span> <span class='ocrx_word' id='word_1_256' title='bbox 1324 4499 1366 4564; x_wconf 89' lang='lat' dir='ltr'><strong>de</strong></span> 
     </span>
    </p>

    <p class='ocr_par' dir='ltr' id='par_1_12' title="bbox 311 4599 1365 4680">
     <span class='ocr_line' id='line_1_36' title="bbox 311 4599 1365 4680; baseline -0.005 -9"><span class='ocrx_word' id='word_1_257' title='bbox 311 4603 399 4671; x_wconf 80' lang='lat' dir='ltr'><strong>fecto</strong></span> <span class='ocrx_word' id='word_1_258' title='bbox 433 4603 652 4680; x_wconf 84' lang='lat' dir='ltr'><strong>incumbebat,</strong></span> <span class='ocrx_word' id='word_1_259' title='bbox 676 4608 710 4668; x_wconf 86' lang='lat' dir='ltr'><strong>et</strong></span> <span class='ocrx_word' id='word_1_260' title='bbox 739 4599 896 4667; x_wconf 84' lang='lat' dir='ltr'><strong>dilectam</strong></span> <span class='ocrx_word' id='word_1_261' title='bbox 918 4599 1071 4667; x_wconf 86' lang='lat' dir='ltr'><strong>clericum</strong></span> <span class='ocrx_word' id='word_1_262' title='bbox 1104 4607 1251 4667; x_wconf 88' lang='lat' dir='ltr'><strong>nostrum</strong></span> <span class='ocrx_word' id='word_1_263' title='bbox 1284 4599 1365 4667; x_wconf 87' lang='lat' dir='ltr'><strong>wil-</strong></span> 
     </span>
    </p>
   </div>
   <div class='ocr_carea' id='block_1_4' title="bbox 311 4701 1365 4791">
    <p class='ocr_par' dir='ltr' id='par_1_13' title="bbox 311 4701 1365 4791">
     <span class='ocr_line' id='line_1_37' title="bbox 311 4701 1365 4791; baseline -0.004 -21"><span class='ocrx_word' id='word_1_264' title='bbox 311 4705 447 4770; x_wconf 89' lang='lat' dir='ltr'><strong>lelmum</strong></span> <span class='ocrx_word' id='word_1_265' title='bbox 481 4705 522 4770; x_wconf 92' lang='lat' dir='ltr'><strong>de</strong></span> <span class='ocrx_word' id='word_1_266' title='bbox 545 4704 768 4791; x_wconf 83' lang='lat' dir='ltr'><strong>Ayremynne,</strong></span> <span class='ocrx_word' id='word_1_267' title='bbox 799 4702 892 4789; x_wconf 86' lang='lat' dir='ltr'><strong>cujus</strong></span> <span class='ocrx_word' id='word_1_268' title='bbox 923 4702 1171 4791; x_wconf 86' lang='lat' dir='ltr'><strong>promotionem,</strong></span> <span class='ocrx_word' id='word_1_269' title='bbox 1204 4701 1271 4767; x_wconf 90' lang='lat' dir='ltr'><strong>suis</strong></span> <span class='ocrx_word' id='word_1_270' title='bbox 1294 4703 1365 4767; x_wconf 85' lang='lat' dir='ltr'><strong>exi·</strong></span> 
     </span>
    </p>
   </div>
   <div class='ocr_carea' id='block_1_5' title="bbox 0 0 1786 5714">
    <p class='ocr_par' dir='ltr' id='par_1_14' title="bbox 0 0 1786 5714">
     <span class='ocr_line' id='line_1_38' title="bbox 0 0 1786 5714; baseline 0 0"><span class='ocrx_word' id='word_1_271' title='bbox 0 0 1786 5714; x_wconf 95' lang='lat' dir='ltr'><strong> </strong></span> 
     </span>
    </p>
   </div>
  </div>
 </body>
</html>
