3564 5744
520 827 719 878 sncrernuu
741 826 946 878 rrmrruurr
968 827 1210 882 unumunurn.
1306 817 1393 882 1143

170 1034 215 1080 nn.
224 1034 300 1088 unire
309 1039 329 1082 1.
339 1017 412 1080 tum
424 1039 433 1096 ;
464 1035 539 1100 quae
568 1015 703 1101 quidem
734 1014 872 1081 servitia
894 1013 1074 1102 praedictus
1096 1015 1249 1081 dominus
1271 1014 1394 1080 Rober-
1423 1037 1546 1088 mnu.

340 1120 404 1194 tus,
419 1137 479 1202 pro
501 1137 536 1181 se
558 1121 593 1182 et
614 1116 801 1182 haeredibus
816 1116 894 1194 suis,
910 1115 1029 1182 debere
1053 1121 1088 1182 et
1110 1117 1216 1183 facere
1238 1117 1394 1204 cognovit

341 1221 376 1283 ct
397 1218 557 1286 concessit
579 1218 736 1304 praedicto
752 1217 886 1284 domino
909 1216 1068 1304 episcopo,
1092 1222 1127 1283 et
1157 1218 1394 1286 successoribus

340 1319 418 1402 suis,
449 1341 509 1407 pro
542 1320 700 1408 proedicto
733 1320 881 1384 manerio
904 1319 945 1384 de
970 1319 1089 1406 Iresby
1122 1320 1159 1384 in
1188 1327 1393 1408 perpetuum.

340 1419 404 1485 Pro
425 1421 488 1488 hcc
509 1427 622 1486 eutem
644 1421 868 1508 recognitione
891 1425 925 1486 et
948 1421 1163 1500 concessione,
1178 1442 1217 1488 ac
1239 1443 1299 1510 pro
1321 1423 1393 1510 qui-

340 1519 479 1586 busdam
513 1522 685 1589 domandis
719 1527 754 1588 et
787 1522 940 1610 proficuis
985 1544 1059 1610 quae
1094 1521 1203 1588 dictus
1240 1523 1394 1590 dominus

340 1622 505 1690 Robcrtus
537 1646 559 1690 a
590 1625 728 1712 praefatc
760 1624 895 1690 domino
933 1623 1091 1710 episeopo,
1126 1624 1254 1690 ratione
1285 1645 1394 1690 senes-

340 1724 449 1792 culcise
471 1726 647 1812 praediclae,
662 1725 826 1813 exigebat,
839 1747 914 1813 quae
935 1726 1027 1811 prius
1049 1745 1116 1790 non
1138 1725 1275 1790 fuerunt
1291 1725 1394 1812 speci·

339 1827 436 1894 aliter
458 1829 644 1916 specificata
666 1835 726 1896 aut
755 1829 983 1907 determinata,
1012 1828 1193 1916 praedictus
1224 1830 1394 1916 epiecopus

340 1931 507 2008 concessit,
539 1951 599 2017 pro
623 1952 657 1996 se
688 1936 722 1996 et
744 1929 982 1999 successoribus
1004 1929 1080 2008 suis,
1104 1930 1193 2014 quod
1215 1931 1394 2016 praedictus

340 2030 505 2096 Robcrtus
536 2032 658 2098 hebeat
689 2036 725 2098 et
757 2037 872 2097 teneat
903 2029 1088 2096 manerium
1123 2030 1321 2116 praedictum
1352 2029 1394 2096 de

341 2131 466 2217 Iresby,
490 2155 564 2200 cum
595 2134 664 2198 suis
697 2132 918 2220 pertinentiis,
941 2131 1006 2196 sibi
1035 2136 1071 2197 et
1100 2131 1288 2198 haeredibus
1317 2132 1394 2214 suis,

340 2232 383 2299 de
420 2234 491 2321 ipso
529 2235 680 2320 episcopo
718 2238 753 2299 et
785 2231 1024 2300 successoribus
1055 2232 1132 2311 suis,
1167 2254 1226 2320 per
1257 2233 1395 2301 servitia

209 2343 212 2348 ’
340 2335 538 2420 supradicte,
553 2340 588 2400 et
602 2355 661 2420 per
682 2333 749 2400 elia
770 2333 906 2400 servitis
921 2332 1002 2398 inde
1024 2332 1139 2400 debita,
1161 2339 1196 2399 et
1218 2340 1393 2412 consueta3

341 2441 375 2501 et
408 2436 497 2522 quod
531 2435 639 2501 dictus
672 2435 836 2501 Robertus
867 2439 902 2500 et
935 2434 1080 2500 haeredcs
1114 2435 1166 2500 sui
1195 2435 1340 2502 habeant
1361 2440 1397 2502 et

340 2537 527 2624 percipiant
560 2536 601 2602 de
635 2542 760 2614 caetero,
794 2535 933 2623 singulis
967 2536 1083 2602 diebus
1114 2539 1396 2604 consecrationum

342 2659 561 2705 successorum
584 2638 666 2705 dicti
689 2637 815 2704 domini
838 2637 990 2725 episcopi,
1014 2638 1096 2704 duos
1126 2639 1233 2705 discos
1264 2644 1298 2706 et
1328 2640 1395 2705 duo

342 2738 477 2802 selsaria
499 2744 662 2826 argentee,
685 2739 867 2825 dequibus
890 2739 1067 2826 episcopus,
1100 2739 1157 2806 illo
1191 2740 1245 2805 die
1286 2761 1396 2807 conse-

342 2839 506 2918 crationis,
522 2841 558 2904 in
580 2863 694 2907 mensa
716 2841 859 2907 servitus
880 2840 991 2922 fuerit,
1010 2841 1062 2905 vel
1075 2842 1298 2928 quadraginta
1319 2841 1398 2907 soli·

342 2942 410 3023 dos,
434 2963 494 3029 pro
525 2942 698 3010 voluntate
728 2943 832 3030 ipsius
855 2941 1022 3030 episcopi3
1053 2946 1087 3008 ct
1109 2943 1198 3028 quod
1220 2942 1309 3008 idem
1331 2943 1397 3009 Ro-

342 3042 455 3109 bertus
478 3049 513 3110 et
533 3044 681 3111 haeredes
703 3045 755 3109 sui
777 3044 924 3110 habeant
954 3047 989 3107 et
1021 3043 1206 3129 percipiunt
1236 3044 1278 3108 de
1308 3043 1397 3111 dicto

343 3147 493 3233 episcopo
516 3153 550 3212 et
572 3147 810 3215 successoribus
831 3146 909 3228 suis,
925 3145 1065 3231 singulis
1087 3145 1184 3210 annis
1207 3144 1248 3211 de
1271 3150 1396 3223 caeter0,

344 3246 426 3312 duos
447 3269 573 3334 pannos
595 3250 750 3336 integros,
765 3247 897 3325 scilicet,
912 3267 1017 3311 unum
1033 3267 1108 3311 cum
1128 3245 1251 3325 sururc,
1267 3247 1311 3312 ed
1333 3247 1397 3312 fes·

344 3354 417 3414 tum
449 3349 582 3415 Natalis
605 3350 751 3428 Domini,
774 3354 809 3415 et
839 3348 942 3413 ulium
973 3368 1047 3411 cum
1070 3346 1188 3424 linura,
1211 3347 1255 3412 ed
1276 3348 1398 3412 festum

345 3450 574 3530 Pentecostes;
597 3456 632 3517 et
646 3451 876 3517 liberationem
891 3452 1132 3533 competentem
1155 3448 1235 3524 vini,
1252 3447 1399 3514 cervisiae

345 3557 381 3618 ot
414 3553 567 3632 candelae,
598 3558 698 3640 prout
740 3558 848 3618 status
877 3551 956 3636 ejus,
980 3548 1038 3634 qui
1068 3549 1241 3613 servitium
1274 3549 1398 3628 fecerit,

345 3655 506 3740 requirit;
530 3662 564 3721 et
590 3655 708 3744 [quod]
735 3654 911 3742 praedictus
934 3651 1098 3716 Robertus
1121 3655 1155 3714 et
1177 3650 1324 3716 haeredes
1347 3651 1399 3716 sui

346 3756 492 3822 habeant
514 3763 548 3822 et
570 3757 764 3844 percipiant,
787 3761 856 3822 tam
879 3776 938 3841 per
960 3752 1041 3818 duos
1065 3752 1135 3817 dies
1158 3752 1194 3815 in
1209 3751 1303 3817 festis
1325 3773 1400 3818 con·

347 3858 566 3923 secretionem
590 3859 816 3946 episcoporum
847 3855 1087 3944 praedictorum,
1112 3876 1211 3939 quam
1241 3853 1278 3918 in
1306 3854 1399 3919 festis

347 3959 479 4026 Natalis
501 3961 637 4025 Domini
660 3967 695 4026 st
726 3960 933 4026 Pentecostes
966 3955 1141 4043 praedictis,
1170 3955 1400 4022 liberationem

346 4062 428 4129 foeni
450 4067 485 4127 et
507 4085 623 4130 avenre
645 4085 705 4150 pro
735 4061 907 4129 duodecim
933 4059 1033 4146 equis,
1057 4057 1220 4139 videlicet,
1252 4058 1400 4146 quolibet

347 4165 400 4229 die
423 4187 528 4229 unum
551 4165 757 4251 quarterium
772 4185 895 4242 avenae,
910 4183 969 4249 pro
992 4160 1179 4248 praebenda,
1202 4161 1230 4225 si
1253 4161 1323 4247 ipso
1345 4161 1401 4227 vel

348 4265 497 4334 haeredes
520 4267 573 4332 sui
596 4266 812 4353 personaliter
840 4264 1036 4352 praedictum
1059 4263 1232 4332 servitium
1254 4262 1402 4341 fecerint,

349 4367 404 4432 vel
434 4390 493 4452 per
525 4368 612 4433 filios
635 4389 710 4433 suos
733 4367 976 4454 primogenitos,
1000 4365 1143 4445 milites;
1175 4370 1210 4429 et
1239 4364 1269 4429 si
1299 4365 1402 4430 alium

349 4470 489 4535 militem
512 4493 572 4556 pro
596 4491 631 4536 se
654 4471 783 4534 miserit
804 4469 858 4533 vel
881 4469 1042 4548 miserint,
1065 4488 1132 4553 per,
1153 4466 1284 4532 literam
1308 4489 1402 4531 susm

347 4577 517 4658 patentem
549 4573 592 4637 ad
623 4572 818 4660 praedictum
850 4569 1024 4636 servitium
1058 4569 1253 4650 feriendum,
1285 4569 1403 4635 libera-

349 4673 476 4739 tionem
499 4674 582 4738 foeni
605 4680 640 4740 et
670 4695 786 4741 avenae
818 4693 878 4760 pro
908 4694 967 4738 sex
997 4671 1089 4757 equis
1119 4671 1285 4758 percipiet,
1309 4670 1402 4737 vide·
