3562 5710
439 813 524 884 1076
618 829 815 879 eremmon
837 826 1041 877 marmur
1062 825 1305 876 nrrmmmsn

291 1032 411 1078 annm
436 1015 585 1102 episcopo
620 1013 843 1094 Dunolmensi,
875 1011 1023 1078 edutcm.
1084 1012 1172 1092 Quia
1207 1010 1408 1077 Bertrandus
1445 1010 1661 1079 derasam

438 1117 551 1181 Monte
573 1113 718 1194 Bocheri,
741 1113 799 1199 qui
821 1112 1009 1178 Johannem
1038 1112 1141 1178 filiam
1163 1119 1198 1178 et
1219 1112 1382 1178 haeredem
1404 1111 1485 1176 Gui-

437 1216 550 1282 chardi
585 1215 625 1280 de
655 1215 827 1292 Charmns,
860 1235 966 1300 nuper
998 1214 1200 1279 vicecomitis
1229 1211 1484 1293 Northumbriae,

437 1317 594 1394 defuncti,
623 1316 722 1381 duxit
750 1316 786 1379 in
819 1336 964 1392 uxorem,
986 1315 1117 1380 invenit
1145 1314 1240 1380 nobis
1272 1312 1485 1378 sufficientem

439 1419 656 1494 securitatem,
679 1416 723 1481 ad
746 1416 950 1482 Scaccarium
971 1421 1129 1495 nostrum,
1153 1415 1197 1480 ad
1219 1414 1485 1482 satisfaciendum

437 1519 532 1584 nobis
554 1518 684 1597 ibidem,
709 1517 750 1582 dc
771 1517 924 1581 omnibus
946 1516 1067 1581 debitis
1097 1539 1172 1603 quas
1201 1515 1289 1582 idem
1312 1515 1485 1580 defunctus

437 1619 533 1684 nobis
566 1619 690 1695 debuit,
713 1618 767 1684 die
790 1639 855 1705 quo
885 1618 976 1695 obiit,
999 1625 1161 1703 quatenus
1194 1617 1282 1683 bona
1312 1623 1347 1682 et
1368 1616 1486 1683 catalla

438 1743 512 1804 quae
542 1719 678 1784 fuerunt
700 1717 846 1803 ejusdem
879 1719 1035 1798 defuncti,
1068 1719 1122 1784 dic
1159 1719 1280 1796 codem,
1311 1716 1484 1794 sufficiunt,

437 1820 532 1886 vobis
564 1821 766 1896 mandamus,
798 1820 886 1905 quod
920 1819 1030 1885 omnia
1066 1820 1154 1884 bona
1184 1825 1219 1886 et
1251 1819 1378 1898 catalla,
1413 1839 1486 1903 quas

440 1923 549 1987 dictus
583 1921 759 1986 defunctus
781 1920 900 1986 habuit
933 1919 1021 1985 infra
1042 1920 1210 1986 libertates
1241 1920 1485 1999 Dunclmenses,

438 2023 492 2088 die
514 2044 579 2108 quo
602 2022 685 2087 obiit
706 2022 903 2108 supradicto,
925 2022 953 2086 si
976 2043 1015 2087 ea
1035 2022 1182 2087 nondum
1196 2024 1484 2107 sequestraveritis,

438 2125 508 2188 sine
531 2123 688 2188 dilatione
710 2123 822 2208 alique
852 2123 1057 2208 sequestrari,
1078 2127 1113 2188 ct
1145 2143 1184 2187 ea
1204 2124 1323 2199 omnia,
1346 2123 1485 2188 fideliter

418 2223 631 2311 appretiata,
661 2224 799 2310 praefato
837 2223 1020 2288 Bertrandc
1057 2223 1241 2301 deliberari,
1277 2224 1406 2289 faciatis
1442 2223 1484 2287 ad

438 2326 704 2392 satisfaciendum
736 2323 841 2400 nobis,
875 2325 912 2388 in
947 2324 1054 2389 forma
1083 2324 1248 2411 praedicta
1287 2324 1328 2389 de
1365 2323 1485 2390 debitis

438 2427 621 2491 antedictis.
667 2425 713 2489 Et
735 2429 884 2490 constare
916 2424 1045 2489 faciatis
1076 2425 1278 2491 thesaurario
1301 2431 1335 2490 et
1356 2424 1484 2491 baroni-

437 2529 500 2592 bus
521 2527 563 2591 de
595 2525 685 2592 dicto
708 2525 875 2591 Sceccario
897 2533 1016 2603 nostro,
1039 2527 1127 2612 apud
1150 2526 1484 2606 westmonasterium,

437 2630 473 2692 in
511 2626 652 2692 crastino
691 2625 890 2691 Nativitatis
918 2625 942 2691 J
944 2626 1083 2691 ohannis
1106 2627 1274 2714 Baptistae,
1296 2651 1371 2713 quae
1401 2628 1486 2695 bona

436 2727 478 2794 ct
501 2727 627 2804 catella,
651 2748 726 2812 quae
758 2727 894 2792 fuenmt
930 2727 1012 2792 dicti
1035 2727 1192 2808 defuncti,
1216 2730 1420 2814 sequestrari,
1450 2735 1484 2795 et

435 2829 572 2916 praefato
593 2827 774 2892 Bertrando
798 2828 939 2906 liberari,
958 2828 1109 2907 feceritis,
1132 2835 1167 2894 et
1186 2829 1253 2909 ubi,
1276 2835 1311 2895 ct
1325 2835 1484 2916 quantum

336 2977 341 2984 .
433 2931 575 3006 valeant,
615 2925 809 2994 secundum*
831 2931 882 2993 sui
929 2951 1043 2994 verum
1092 2931 1245 3010 valorem,
1282 2931 1343 2996 hoc
1387 2933 1485 2997 breve

434 3031 638 3095 remittentes
660 3029 791 3094 ibidem.
838 3030 943 3108 Teste,
959 3031 1009 3096 W.
1034 3031 1075 3096 de
1097 3031 1259 3108 Norwico,
1281 3033 1484 3098 thesaurario

434 3137 555 3212 nostro,
578 3129 666 3215 apud
690 3129 1026 3210 westmonasterium,
1043 3133 1149 3218 xxiiij.
1173 3133 1227 3197 die
1241 3133 1376 3218 Aprilis,
1398 3157 1483 3199 anno

434 3231 527 3317 regni
556 3231 662 3296 nostri
692 3232 925 3297 octavo—Per
954 3233 1099 3298 rotulum
1129 3234 1413 3300 Memorandorum
1443 3237 1484 3301 de

434 3319 547 3397 eodem
569 3331 804 3397 annoPaachae
826 3330 915 3397 fines

678 3484 877 3550 Guiscardus
899 3485 940 3550 de
962 3485 1135 3566 Cherrons,
1163 3488 1344 3568 defunctus,
1365 3491 1484 3556 hebuit

298 3569 402 3654 ·⁰“',
434 3551 583 3602 aeturnum
633 3584 719 3649 bona
741 3585 829 3650 infra
847 3585 1034 3652 libertatem
1057 3595 1200 3656 nostram
1230 3591 1484 3658 Dunolmensem

435 3682 489 3747 dic
523 3704 588 3767 quo
618 3685 711 3763 obiit,
734 3686 777 3750 ad
808 3686 990 3752 valentiam
1012 3689 1117 3774 xljli.
1149 3691 1229 3777 xvij.
1243 3714 1265 3758 s.
1297 3693 1368 3779 viij.
1379 3693 1419 3772 ct,
1441 3694 1482 3758 de

435 3783 565 3866 quibus·
578 3785 695 3864 Alicia,
730 3808 804 3870 quae
827 3786 892 3854 fuit
914 3810 999 3854 uxor
1021 3791 1175 3876 ejusdem,
1208 3794 1421 3881 disposuerat,
1444 3802 1484 3860 ut

434 3884 615 3965 executor,
655 3892 689 3951 et
726 3907 765 3952 ea
801 3888 1004 3954 distraxerat
1041 3893 1100 3958 diu
1148 3899 1227 3960 ante
1263 3898 1481 3982 receptionem

433 3984 530 4050 istius
567 3984 684 4052 brevis.
744 3989 789 4054 Et
826 3991 1102 4076 sequestravimus
1140 3993 1227 4060 b'ona
1266 3996 1410 4082 ejusdem
1446 3999 1482 4062 in

433 4085 586 4151 menibus
599 4087 623 4151 J
624 4087 762 4154 ohannis
778 4088 819 4154 de
834 4091 1058 4177 Alaynshelcs,
1074 4095 1116 4160 ad
1131 4095 1313 4163 valentiam
1329 4100 1481 4187 xxxiiia.

348 4199 354 4210 ·
432 4187 520 4271 opud
563 4187 799 4274 Alaynsheles;
832 4213 907 4278 quae
954 4195 1079 4261 nemini
1121 4197 1227 4264 adhuc
1269 4200 1482 4268 liberavimus

432 4288 510 4373 quia
531 4287 575 4352 ad
598 4311 637 4353 ea
658 4290 809 4357 habende
830 4313 898 4370 non
921 4299 972 4358 est
993 4295 1111 4382 aliquis
1133 4305 1330 4384 prosecutus.

265 4461 407 4558 mm
699 4444 890 4524 Edwardus,
912 4447 976 4512 Dei
1005 4451 1121 4535 gratie,
1145 4457 1214 4530 etc,
1237 4457 1415 4522 venerabili
1445 4459 1481 4522 in

283 4562 288 4572 ·
340 4563 345 4574 ·
371 4575 401 4607 on
655 4542 787 4610 Christo
820 4548 917 4632 petri,
949 4549 1095 4630 Ricardo,
1129 4553 1242 4618 eadem
1274 4558 1392 4642 gratia,
1414 4561 1481 4646 epi-

265 4561 362 4606 dictum

263 4611 525 4758 ffitaopo
540 4643 927 4727 scaranensem.
974 4650 1061 4732 ouis
1085 4641 1482 4726 cuiclarescens.

268 4768 359 4829 'toja
382 4799 428 4826 w
444 4784 454 4808 '¹
470 4783 524 4820 *b
553 4795 638 4828 ἰοϊε
667 4779 774 4858 ptest.
