3524 5716
500 827 698 878 anorsrsun
721 827 923 880 ranarrsun
945 831 1186 882 nursinensis.
1279 819 1366 882 1193

149 1018 358 1086 sisnande
381 1017 609 1105 Babbathmp',
633 1039 691 1104 pro
713 1039 747 1084 se
769 1024 804 1084 et
826 1017 1012 1085 haeredibus
1034 1023 1068 1084 et
1090 1019 1266 1105 assignatis
1289 1020 1365 1100 suis,
1397 1025 1454 1070 Αἰ)-
1464 1027 1522 1070 1³1t

317 1119 468 1204 partibus
490 1119 715 1206 inquisitionis
746 1120 929 1188 indentatae
964 1121 1072 1208 sigilla
1095 1143 1154 1186 sua
1176 1121 1365 1187 alternatim

316 1226 548 1307 apposuerunt.

318 1471 395 1522 cam
418 1472 522 1523 Thomu
553 1475 585 1523 de
664 1431 826 1496 Omnibus
856 1433 918 1498 hoc
948 1434 1106 1520 scriptum
1136 1432 1366 1519 chirographa·
1377 1447 1486 1544 Qash

316 1539 373 1587 Bon
375 1537 442 1587 evill’
451 1538 584 1601 ethicis,
619 1537 691 1597 tum
714 1534 835 1598 visuris
858 1534 911 1598 vel
927 1536 1098 1616 audituris,
1115 1535 1286 1614 Ricardus,
1301 1533 1430 1642 De114h1
1429 1553 1514 1644 ⁰¹’i‘i

317 1603 477 1668 moncons
617 1639 692 1722 grat
693 1635 734 1712 ia,
756 1636 990 1702 Dunelmensis
1024 1637 1200 1723 episcopus,
1225 1637 1365 1701 salutem
1377 1649 1491 1758 ggfflill
1491 1653 1515 1744 3¹

317 1733 352 1798 in
375 1734 525 1800 Domino.
581 1737 751 1802 Noveritis
782 1760 841 1802 nos
876 1738 1077 1816 concessisse,
1108 1761 1167 1824 pro
1201 1738 1297 1803 nobis
1331 1741 1441 1846 ettlisg·e
1445 1751 1498 1844 ¹123
1499 1801 1534 1844 na

315 1835 551 1902 successoribus
583 1843 658 1902 nost
659 1839 712 1916 ris,
747 1838 836 1924 quod
873 1839 1014 1905 Thomas
1052 1841 1092 1905 de
1130 1835 1288 1905 Bonevill'
1324 1839 1401 1903 deln
1376 1830 1484 1952 {th-

315 1937 437 2023 Orayk’
453 1942 488 2003 et
504 1939 626 2019 Alicia,
643 1963 727 2005 uxor
750 1940 830 2026 ejus,
853 1940 999 2006 habeant
1020 1947 1055 2007 at
1077 1947 1221 2019 teneant,
1244 1941 1308 2005 sibi
1332 1945 1367 2005 et

315 2038 507 2118 haeredibus,
532 2046 566 2104 et
596 2041 772 2127 assignatis
803 2041 879 2121 suis,
902 2063 1006 2107 unum
1039 2043 1170 2125 toftum,
1196 2049 1229 2108 et
1262 2064 1366 2107 unum

316 2141 466 2220 croftnm,
490 2149 525 2206 et
556 2149 628 2208 octo
662 2142 801 2208 sationes
823 2147 929 2220 terrae,
954 2144 990 2209 in
1024 2145 1154 2210 cultura
1186 2144 1226 2209 de
1257 2145 1367 2230 Lang-

316 2241 466 2329 thwayt’‚
498 2244 704 2309 continentes
735 2249 878 2330 quatuor
899 2266 991 2310 acras
1013 2250 1110 2311 terrae
1133 2251 1168 2311 at
1195 2245 1366 2312 dimidiam

316 2363 424 2407 acram
456 2349 553 2409 terrae
585 2344 621 2408 in
653 2345 853 2431 Ketelesgat,
877 2367 953 2410 cum
976 2346 1128 2412 omnibus
1158 2347 1368 2432 pertinentiis

317 2445 395 2526 suis,
411 2467 493 2530 quas
508 2445 697 2511 habuerunt
712 2446 752 2511 de
767 2447 853 2511 dono
874 2446 964 2512 Petri
980 2447 1040 2512 filii
1056 2447 1194 2512 Walteri
1209 2447 1269 2512 filii
1286 2449 1367 2514 Bea-

316 2546 414 2624 tricis,
436 2545 473 2610 in
495 2547 663 2612 territorio
679 2547 719 2612 de
744 2547 875 2633 Orayk’,
897 2549 933 2612 in
956 2555 1159 2636 perpetuum.
1200 2549 1367 2616 Concessi-

315 2670 389 2713 mus
404 2649 513 2726 etiam,
529 2669 589 2735 pro
604 2650 698 2738 nobis
722 2654 756 2715 et
778 2649 1017 2715 successoribus
1039 2651 1169 2730 nostris,
1193 2653 1280 2738 quod
1303 2653 1366 2739 ipsi

315 2750 456 2815 Thomas
478 2756 513 2816 et
527 2750 643 2829 Alicia,
660 2771 745 2816 uxor
767 2751 847 2835 ejus,
863 2751 1010 2818 habeant
1031 2757 1066 2817 et
1088 2756 1224 2819 teneant
1246 2753 1310 2818 sibi
1333 2759 1367 2818 et

314 2852 500 2918 haeredibus
523 2853 564 2917 de
588 2875 720 2940 corpore
742 2853 846 2938 ipsius
869 2852 985 2919 Aiiciae
999 2855 1178 2939 procreatis
1192 2861 1227 2919 et
1241 2877 1367 2941 procre-

314 2954 418 3034 andis,
435 2960 579 3040 quatuor
594 2955 732 3020 saliones
754 2961 859 3036 terrae,
884 2977 959 3020 cum
982 2956 1134 3021 omnibus
1157 2957 1366 3044 pertinentiis

314 3055 389 3133 suis,
424 3056 460 3120 in
492 3055 755 3143 Langethwayt',
778 3057 984 3122 continentes
1023 3059 1105 3123 duas
1144 3080 1243 3137 acras,
1284 3081 1366 3144 quas

313 3157 501 3223 habuerunt
525 3159 565 3223 de
588 3158 674 3224 dono
698 3158 832 3223 Thomae
862 3158 923 3222 filii
953 3160 1104 3246 praedicti
1126 3160 1274 3226 Walten'.
1321 3163 1366 3227 Et

314 3263 472 3347 praeterea
486 3260 712 3340 concessimus,
728 3281 788 3346 pro
803 3260 900 3325 nobis
922 3267 957 3326 et
979 3263 1214 3327 successoribus
1237 3264 1366 3340 nostris,

315 3363 402 3447 quod
425 3362 605 3448 predictus
628 3361 770 3426 Thomas
792 3362 834 3427 de
858 3361 1019 3427 Bonevill’
1043 3361 1166 3427 habeat
1188 3369 1223 3428 et
1245 3369 1365 3442 teneat,

315 3463 378 3528 sibi
401 3469 435 3528 et
456 3462 642 3529 haeredibus
657 3463 733 3544 suis,
751 3469 784 3528 et
799 3463 984 3548 assignatis,
1001 3483 1104 3527 unum
1119 3463 1239 3529 toftum
1257 3471 1291 3529 ct
1307 3487 1365 3528 un-

315 3588 372 3630 um
394 3564 545 3642 oroftum,
568 3586 641 3630 cum
666 3565 818 3630 omnibus
840 3564 1052 3651 pertinentiis
1075 3565 1151 3645 suis,
1176 3565 1211 3628 in
1235 3565 1364 3651 Crayk',

314 3689 387 3752 quae
410 3666 479 3752 ipse
501 3667 643 3731 Thomas
665 3665 782 3730 habuit
805 3666 845 3730 de
869 3665 954 3729 dono
976 3666 1127 3750 praedicti
1145 3665 1281 3731 Waiteri
1304 3667 1365 3732 filii

314 3769 482 3846 Beatricis,
498 3769 534 3832 in
556 3772 771 3854 perpetuum;
787 3766 966 3832 tenendum
990 3773 1024 3830 et
1046 3766 1236 3832 habendum
1255 3770 1365 3834 omnia
1473 3813 1475 3821 ι

313 3877 505 3937 tenemento
527 3870 749 3956 suprascripta
772 3869 806 3933 in
830 3868 937 3933 forma
959 3869 1191 3956 suprascripta,
1207 3869 1247 3934 de
1270 3871 1365 3937 nobis

314 3977 347 4039 et
369 3973 607 4040 successoribus
630 3971 758 4048 nostris,
781 3991 856 4036 oum
879 3969 1032 4035 omnibus
1055 3970 1123 4035 suis
1145 3971 1363 4056 pertinentiis,

312 4075 422 4154 libere,
447 4075 566 4160 quiete,
588 4059 725 4160 integre,
749 4072 831 4138 bene
846 4076 881 4136 et
911 4071 946 4135 in
976 4093 1064 4157 pace,
1088 4072 1125 4136 in
1145 4079 1362 4160 perpetuum:

312 4177 479 4244 reddendo
502 4177 580 4240 inde
602 4175 699 4238 nobis
721 4178 756 4238 et
779 4172 1016 4238 successoribus
1047 4173 1167 4238 nostris
1190 4177 1363 4241 annuatim

312 4287 379 4344 tres
402 4279 552 4343 denarios
574 4278 615 4342 de
647 4276 785 4360 antiqua
815 4274 910 4338 firma
945 4275 985 4338 de
1017 4274 1168 4339 omnibus
1200 4278 1363 4362 praedictis

312 4379 509 4446 tenementis
532 4377 653 4456 debita,
676 4383 710 4442 et
731 4381 891 4464 praeterea
925 4375 1047 4461 viginti
1077 4397 1181 4441 unum
1211 4379 1362 4445 denarios

313 4483 353 4546 de
385 4481 588 4545 incremento
619 4479 778 4553 redditus,
801 4477 841 4540 da
870 4481 997 4556 caetero,
1021 4483 1096 4564 post
1128 4479 1361 4548 confectionem

311 4583 409 4667 hujus
433 4582 555 4667 scripti,
577 4581 671 4646 nobis
702 4585 737 4644 et
768 4579 1003 4644 successoribus
1036 4581 1157 4645 nostris
1188 4585 1359 4650 annuatim

311 4685 492 4760 solvendos,
509 4706 567 4769 pro
582 4682 735 4748 omnibus
750 4681 873 4746 eisdem
890 4681 1088 4747 tenementis
1105 4683 1138 4746 in
1156 4692 1360 4772 perpetuum,
