3506 5702
390 772 456 846 764
568 789 767 840 nnorsraou
790 787 994 840 rmnmnor
1017 787 1259 840 nornaunusn

239 989 296 1033 ΛΦ·
305 993 361 1035 1³1³·
392 979 513 1045 mensis
545 977 705 1055 dioeeesis,
728 975 960 1052 obedientiam,
981 977 1197 1043 reverentiam
1214 980 1249 1042 et
1270 977 1438 1047 honorem.
1450 989 1610 1042 ultrix-t

393 1081 609 1146 Prmbendam
626 1099 731 1146 meam
747 1079 784 1143 in
802 1078 936 1144 ecclesia
959 1077 1000 1142 de
1022 1078 1163 1143 Norton'
1179 1077 1347 1165 praedicta,
1364 1101 1438 1144 cum

381 1183 456 1249 -suis
475 1181 609 1266 juribus
632 1188 667 1247 et
693 1177 903 1267 pertinentiis
928 1177 1102 1260 universis,
1130 1180 1165 1244 in
1189 1201 1297 1245 moras
1321 1203 1438 1246 manus

387 1288 524 1362 vestras,
539 1297 628 1369 pure,
644 1287 770 1368 sponte,
786 1269 978 1366 simpliciter
994 1285 1028 1345 et
1050 1281 1210 1358 absolute,
1225 1281 1365 1368 resigno.
1396 1281 1438 1348 In

387 1387 480 1471 eujus
502 1385 550 1450 rei
573 1384 810 1459 testimonium,
833 1382 979 1468 sigillum
1005 1403 1116 1446 meum
1146 1384 1366 1469 praesentibus
1389 1395 1438 1450 est

390 1508 578 1575 appensum.
623 1486 749 1551 Datum
776 1484 865 1570 apud
887 1483 919 1549 le
943 1483 1116 1562 Welhalle‚
1138 1482 1208 1548 xv⁰,
1233 1485 1287 1550 die
1301 1485 1438 1551 Decem·

386 1591 463 1668 bris,
482 1591 569 1652 anno
593 1587 718 1654 Gratiae
740 1585 915 1662 millesimo
938 1582 1015 1652 ccc⁰.
1037 1585 1293 1670 quintodecimo.

258 1809 349 1854 rme.
387 1821 577 1875 commissam
588 1822 652 1872 eele-
731 1784 921 1851 Venerabili
945 1784 981 1850 in
1008 1784 1141 1851 Christd
1172 1785 1271 1870 patri,
1302 1785 1438 1850 domino

218 1869 370 1964 ittiffln
387 1891 511 1940 amdam
522 1888 628 1938 0rffi11ffl·
685 1887 837 1964 Ricard0‚
870 1887 934 1952 Dei
961 1887 1079 1973 gratia,
1121 1887 1340 1952 Dunolmensi
1371 1888 1437 1973 epi-

219 1969 347 2064 ἓὲῗᾞῖς
389 2011 495 2075 scop0,
518 1988 691 2068 Robertus,
720 1990 873 2064 decanus,
899 1993 935 2053 et
957 1988 1149 2073 capitulum,
1174 1987 1318 2053 ecclesias
1341 1987 1438 2053 Beati

218 2069 346 2174 aldadi?
388 2092 479 2159 Petri
502 2091 725 2170 Eboraoensis,
748 2089 824 2154 sede
851 2088 997 2174 ejusdem
1025 2095 1174 2168 vacante,
1197 2089 1348 2168 salutem,
1363 2111 1438 2155 cum

219 2173 314 2264 mn)

268 2174 337 2264 rein
389 2191 586 2260 omnimodis
601 2193 787 2258 reverentia
802 2197 836 2256 et
851 2190 982 2268 honore,
998 2190 1120 2256 debitis
1136 2195 1231 2256 tanto
1246 2191 1342 2277 patri
1383 2191 1453 2257 Ad·

218 2269 358 2365 diffidi
389 2295 607 2361 ordinandum
634 2293 809 2378 magistros
841 2292 1022 2356 Ricardum
1056 2293 1096 2356 de
1122 2293 1247 2370 Erium,
1279 2297 1437 2358 rectorem

218 2369 347 2466 iitlt'i‘10
389 2401 531 2466 eccesia
562 2400 657 2464 nau
680 2398 835 2464 nicholai
857 2397 894 2461 in
918 2397 1093 2474 nummo,
1116 2405 1152 2463 a
1178 2397 1366 2463 cineram
1397 2399 1438 2464 <a

386 2501 540 2580 Burdon’,
555 2501 715 2565 vicarium
742 2499 884 2565 ecclesiae
899 2499 939 2563 de
955 2499 1192 2585 Bedelington’,
1208 2506 1328 2566 vestrae
1344 2501 1438 2565 Dun-

387 2602 541 2668 olmensis
557 2601 715 2682 dioecesis,
731 2601 775 2666 ad
790 2601 1023 2666 convenientes
1046 2601 1110 2664 sibi
1136 2602 1276 2678 ordines,
1303 2603 1364 2668 hac
1386 2603 1438 2666 in-

387 2705 491 2770 stanti
507 2704 561 2768 die
577 2702 716 2768 Sabbati
731 2711 748 2737 “
759 2703 909 2784 Quatuor
923 2703 1119 2789 Temporum
1130 2703 1147 2730 ’'
1167 2704 1345 2789 [proxima]
1364 2710 1438 2790 post

389 2806 509 2870 festum
528 2805 660 2870 Sanctae
676 2805 786 2870 Luciae
801 2804 957 2890 Virginis,
974 2805 1011 2868 in
1026 2825 1220 2890 quacunque
1236 2806 1370 2870 eeclesia
1384 2807 1438 2870 vel

388 2911 512 2997 capella
526 2911 740 2975 Eboraoensis
756 2910 913 2985 dioecesis,
922 2930 1021 2994 quam
1036 2909 1078 2973 ad
1093 2907 1155 2974 hoc
1169 2910 1334 2975 duxeritis
1349 2911 1437 2975 ordi-

387 3003 541 3090 n'andam,
557 3033 595 3077 eo
610 3033 677 3076 non
693 3011 853 3090 obstante,
871 3011 959 3096 quod
973 3011 1064 3076 locus
1078 3011 1134 3076 ille
1159 3011 1224 3100 [in]
1241 3012 1437 3078 Eboracensi

388 3113 520 3178 dioecesi
536 3113 660 3193 existit,
670 3113 748 3177 dum
764 3118 877 3177 tamen
892 3111 983 3176 aliud
998 3113 1190 3178 canonicum
1205 3135 1274 3179 non
1288 3114 1436 3196 obsistat,

388 3215 482 3279 vobis
507 3213 704 3292 conferendi,
731 3218 766 3280 et
795 3215 843 3278 eis
869 3213 1056 3299 recipiendi,
1079 3214 1271 3299 hujusmodi
1296 3216 1436 3297 ordines,

386 3315 523 3380 liberam
552 3319 666 3380 tenore
697 3316 919 3400 praesentium,
941 3315 1148 3380 concedimus
1170 3316 1371 3396 facultatem,
1402 3325 1437 3384 et

385 3416 554 3482 licentiam
578 3417 759 3503 specialem.
796 3416 918 3482 Vestra
932 3413 1042 3481 valeat
1056 3418 1238 3484 reverenda
1252 3421 1436 3503 paternitas

385 3541 447 3604 per
463 3524 610 3604 tempora
625 3519 781 3605 longiore
820 3517 945 3582 Datum
961 3518 1106 3611 Eboraci
1117 3519 1229 3605 iij⁰.id.
1239 3519 1435 3600 Decembris,

388 3641 476 3686 anno
499 3621 636 3685 Domini
659 3620 832 3685 millesimo
855 3619 1083 3686 trecentesimo
1107 3621 1357 3718 quintodecimo

220 3852 375 3948 fflapofrof
707 3820 877 3898 Ricardus
906 3821 1119 3908 permissione
1152 3823 1277 3902 divina,
1309 3825 1436 3890 Dunol-

217 3954 361 3998 ahenam
652 3924 773 3988 mensis
795 3924 974 4010 episcopus,
988 3924 1108 3989 dilecto
1130 3925 1208 4002 filio,
1230 3976 1283 3993 ...
1307 3925 1437 3992 officiali

217 4004 374 4107 irliisiaiffi
386 4035 498 4094 nostro
521 4025 747 4104 Dunolmensi,
769 4025 917 4102 salutem,
939 4025 1079 4110 gratiam
1103 4031 1138 4090 et
1166 4026 1435 4094 benedictionem.

217 4104 353 4198 tigillis
390 4133 540 4208 Causam
568 4152 642 4217 quae
678 4130 767 4193 inter
798 4127 944 4192 Alannm
975 4128 1190 4214 capellanum,
1212 4134 1369 4209 actorem,
1392 4154 1434 4196 ex

217 4203 376 4299 Quid?
387 4240 481 4322 parte
503 4254 579 4310 una,
602 4238 636 4299 et
658 4229 775 4311 Adam,
791 4230 1005 4316 praepositum
1029 4230 1071 4294 de
1094 4229 1244 4310 Elleton',
1266 4253 1369 4313 rcum,
1387 4223 1435 4310 ,eri

217 4303 293 4447 {351⁰
317 4305 357 4398 iii
386 4338 500 4415 altera,
518 4358 616 4421 super
637 4333 756 4399 salario
779 4353 837 4397 suo
860 4353 919 4418 pro
942 4353 1053 4396 annua
1074 4332 1292 4424 celebratione
1313 4335 1434 4404 animm

217 4407 351 4498 addidi
387 4439 514 4504 domini
538 4437 675 4502 Roberti
698 4436 848 4512 Gouwen
862 4433 996 4514 militis,
1026 4434 1182 4514 defuncti,
1207 4457 1317 4501 coram
1339 4438 1434 4504 vobis

217 4505 333 4600 i'tttti.
386 4540 540 4622 vertitur,
563 4539 659 4604 certis
685 4559 727 4602 ex
757 4536 872 4612 causis,
893 4542 968 4621 quae'
995 4539 1147 4600 nostrum
1169 4537 1270 4603 adid
1299 4539 1435 4624 pulsant

387 4639 537 4711 animum¹
570 4660 679 4706 coram
701 4639 796 4703 nobis
820 4637 968 4704 volentes
991 4637 1106 4717 decidi,
1121 4638 1216 4705 vobis
1238 4641 1433 4708 mandamus
