<?xml version="1.0" encoding="UTF-8"?>
<!DOCTYPE html PUBLIC "-//W3C//DTD XHTML 1.0 Transitional//EN"
    "http://www.w3.org/TR/xhtml1/DTD/xhtml1-transitional.dtd">
<html xmlns="http://www.w3.org/1999/xhtml" xml:lang="en" lang="en">
 <head>
  <title>
</title>
<meta http-equiv="Content-Type" content="text/html;charset=utf-8" />
  <meta name='ocr-system' content='tesseract 3.04.00' />
  <meta name='ocr-capabilities' content='ocr_page ocr_carea ocr_par ocr_line ocrx_word'/>
</head>
<body>
  <div class='ocr_page' id='page_1' title='image "./registrumpalati00kellgoog_0103.png"; bbox 0 0 3452 5702; ppageno 0'>
   <div class='ocr_carea' id='block_1_1' title="bbox 496 735 1361 805">
    <p class='ocr_par' dir='ltr' id='par_1_1' title="bbox 496 735 1361 805">
     <span class='ocr_line' id='line_1_1' title="bbox 496 735 1361 805; baseline 0.005 -7"><span class='ocrx_word' id='word_1_1' title='bbox 496 749 694 802; x_wconf 81' lang='lat' dir='ltr'><strong>anemraun</strong></span> <span class='ocrx_word' id='word_1_2' title='bbox 717 747 918 799; x_wconf 78' lang='lat' dir='ltr'><strong>rmsrrsuu</strong></span> <span class='ocrx_word' id='word_1_3' title='bbox 941 749 1181 802; x_wconf 81' lang='lat' dir='ltr'><strong>nuannunass.</strong></span> <span class='ocrx_word' id='word_1_4' title='bbox 1297 735 1361 805; x_wconf 82' lang='lat'><strong>719</strong></span> 
     </span>
    </p>
   </div>
   <div class='ocr_carea' id='block_1_2' title="bbox 142 935 1513 4707">
    <p class='ocr_par' dir='ltr' id='par_1_2' title="bbox 142 935 1513 1024">
     <span class='ocr_line' id='line_1_2' title="bbox 142 935 1513 1024; baseline 0 -22"><span class='ocrx_word' id='word_1_5' title='bbox 142 945 304 1002; x_wconf 66' lang='lat' dir='ltr'><strong>susanae.</strong></span> <span class='ocrx_word' id='word_1_6' title='bbox 316 936 465 1016; x_wconf 90' lang='lat' dir='ltr'><strong>salutem,</strong></span> <span class='ocrx_word' id='word_1_7' title='bbox 510 937 651 1024; x_wconf 80' lang='lat' dir='ltr'><strong>gratiam</strong></span> <span class='ocrx_word' id='word_1_8' title='bbox 687 940 723 1003; x_wconf 89' lang='lat' dir='ltr'><strong>et</strong></span> <span class='ocrx_word' id='word_1_9' title='bbox 767 935 1037 1003; x_wconf 74' lang='lat' dir='ltr'><strong>benedictionem.</strong></span> <span class='ocrx_word' id='word_1_10' title='bbox 1098 938 1159 1002; x_wconf 87' lang='lat' dir='ltr'><strong>Per</strong></span> <span class='ocrx_word' id='word_1_11' title='bbox 1205 935 1361 1002; x_wconf 91' lang='lat' dir='ltr'><strong>dilectum</strong></span> <span class='ocrx_word' id='word_1_12' title='bbox 1391 949 1446 994; x_wconf 60' lang='grc' dir='ltr'><strong>ΔΑ).</strong></span> <span class='ocrx_word' id='word_1_13' title='bbox 1456 951 1513 994; x_wconf 75' lang='lat'>1³1⁵·</span> 
     </span>
    </p>

    <p class='ocr_par' dir='ltr' id='par_1_3' title="bbox 309 1039 1393 4191">
     <span class='ocr_line' id='line_1_3' title="bbox 316 1039 1361 1126; baseline -0.001 -22"><span class='ocrx_word' id='word_1_14' title='bbox 316 1039 432 1120; x_wconf 88' lang='lat' dir='ltr'><strong>filium,</strong></span> <span class='ocrx_word' id='word_1_15' title='bbox 470 1039 637 1105; x_wconf 90' lang='lat' dir='ltr'><strong>dominum</strong></span> <span class='ocrx_word' id='word_1_16' title='bbox 687 1039 901 1126; x_wconf 73' lang='lat' dir='ltr'><strong>Stephanum,</strong></span> <span class='ocrx_word' id='word_1_17' title='bbox 940 1043 1097 1106; x_wconf 88' lang='lat' dir='ltr'><strong>rectorem</strong></span> <span class='ocrx_word' id='word_1_18' title='bbox 1142 1039 1283 1106; x_wconf 79' lang='lat' dir='ltr'><strong>ecclesiae</strong></span> <span class='ocrx_word' id='word_1_19' title='bbox 1321 1039 1361 1104; x_wconf 90' lang='lat' dir='ltr'><strong>de</strong></span> 
     </span>
     <span class='ocr_line' id='line_1_4' title="bbox 316 1139 1362 1230; baseline 0.003 -24"><span class='ocrx_word' id='word_1_20' title='bbox 316 1141 485 1230; x_wconf 86' lang='lat' dir='ltr'><strong>Hoghton,</strong></span> <span class='ocrx_word' id='word_1_21' title='bbox 521 1141 616 1208; x_wconf 90' lang='lat' dir='ltr'><strong>nohis</strong></span> <span class='ocrx_word' id='word_1_22' title='bbox 653 1146 706 1208; x_wconf 88' lang='lat' dir='ltr'><strong>est</strong></span> <span class='ocrx_word' id='word_1_23' title='bbox 750 1147 928 1222; x_wconf 86' lang='lat' dir='ltr'><strong>ostensum,</strong></span> <span class='ocrx_word' id='word_1_24' title='bbox 967 1143 1065 1229; x_wconf 93' lang='lat' dir='ltr'><strong>quod,</strong></span> <span class='ocrx_word' id='word_1_25' title='bbox 1102 1139 1211 1208; x_wconf 86' lang='lat' dir='ltr'><strong>Scotis</strong></span> <span class='ocrx_word' id='word_1_26' title='bbox 1251 1149 1362 1230; x_wconf 84' lang='lat' dir='ltr'><strong>partes</strong></span> 
     </span>
     <span class='ocr_line' id='line_1_5' title="bbox 314 1243 1362 1332; baseline 0.001 -23"><span class='ocrx_word' id='word_1_27' title='bbox 314 1249 443 1310; x_wconf 76' lang='lat' dir='ltr'><strong>noshas</strong></span> <span class='ocrx_word' id='word_1_28' title='bbox 464 1243 627 1312; x_wconf 72' lang='lat' dir='ltr'><strong>hostiliter</strong></span> <span class='ocrx_word' id='word_1_29' title='bbox 648 1265 754 1332; x_wconf 87' lang='lat' dir='ltr'><strong>nuper</strong></span> <span class='ocrx_word' id='word_1_30' title='bbox 776 1243 1049 1332; x_wconf 75' lang='lat' dir='ltr'><strong>ingredientibus,</strong></span> <span class='ocrx_word' id='word_1_31' title='bbox 1072 1243 1208 1331; x_wconf 88' lang='lat' dir='ltr'><strong>quidam</strong></span> <span class='ocrx_word' id='word_1_32' title='bbox 1237 1244 1362 1310; x_wconf 84' lang='lat' dir='ltr'><strong>Johan·</strong></span> 
     </span>
     <span class='ocr_line' id='line_1_6' title="bbox 312 1345 1363 1434; baseline 0.001 -23"><span class='ocrx_word' id='word_1_33' title='bbox 312 1367 371 1412; x_wconf 87' lang='lat' dir='ltr'><strong>nes</strong></span> <span class='ocrx_word' id='word_1_34' title='bbox 409 1345 522 1433; x_wconf 86' lang='lat' dir='ltr'><strong>Sayer,</strong></span> <span class='ocrx_word' id='word_1_35' title='bbox 555 1348 655 1414; x_wconf 76' lang='lat' dir='ltr'><strong>dictae</strong></span> <span class='ocrx_word' id='word_1_36' title='bbox 692 1346 834 1414; x_wconf 83' lang='lat' dir='ltr'><strong>ecclesiae</strong></span> <span class='ocrx_word' id='word_1_37' title='bbox 870 1346 1097 1434; x_wconf 84' lang='lat' dir='ltr'><strong>parochianus,</strong></span> <span class='ocrx_word' id='word_1_38' title='bbox 1135 1369 1177 1413; x_wconf 88' lang='lat' dir='ltr'><strong>ex</strong></span> <span class='ocrx_word' id='word_1_39' title='bbox 1214 1349 1363 1415; x_wconf 89' lang='lat' dir='ltr'><strong>adventu</strong></span> 
     </span>
     <span class='ocr_line' id='line_1_7' title="bbox 311 1449 1362 1536; baseline 0.001 -23"><span class='ocrx_word' id='word_1_40' title='bbox 311 1467 424 1514; x_wconf 88' lang='lat' dir='ltr'><strong>eorum</strong></span> <span class='ocrx_word' id='word_1_41' title='bbox 455 1450 659 1535; x_wconf 81' lang='lat' dir='ltr'><strong>perterritus,</strong></span> <span class='ocrx_word' id='word_1_42' title='bbox 697 1449 741 1516; x_wconf 89' lang='lat' dir='ltr'><strong>ad</strong></span> <span class='ocrx_word' id='word_1_43' title='bbox 780 1449 888 1536; x_wconf 87' lang='lat' dir='ltr'><strong>ipsam</strong></span> <span class='ocrx_word' id='word_1_44' title='bbox 920 1449 1091 1518; x_wconf 86' lang='lat' dir='ltr'><strong>eeclesiam</strong></span> <span class='ocrx_word' id='word_1_45' title='bbox 1128 1449 1287 1536; x_wconf 83' lang='lat' dir='ltr'><strong>confugit,</strong></span> <span class='ocrx_word' id='word_1_46' title='bbox 1325 1450 1362 1514; x_wconf 91' lang='lat' dir='ltr'><strong>in</strong></span> 
     </span>
     <span class='ocr_line' id='line_1_8' title="bbox 309 1550 1361 1640; baseline 0 -24"><span class='ocrx_word' id='word_1_47' title='bbox 309 1550 487 1637; x_wconf 84' lang='lat' dir='ltr'><strong>campanili</strong></span> <span class='ocrx_word' id='word_1_48' title='bbox 510 1550 656 1637; x_wconf 90' lang='lat' dir='ltr'><strong>ejusdem</strong></span> <span class='ocrx_word' id='word_1_49' title='bbox 678 1571 713 1616; x_wconf 88' lang='lat' dir='ltr'><strong>se</strong></span> <span class='ocrx_word' id='word_1_50' title='bbox 734 1555 887 1640; x_wconf 87' lang='lat' dir='ltr'><strong>satagens</strong></span> <span class='ocrx_word' id='word_1_51' title='bbox 909 1556 1093 1638; x_wconf 88' lang='lat' dir='ltr'><strong>receptare;</strong></span> <span class='ocrx_word' id='word_1_52' title='bbox 1128 1551 1279 1638; x_wconf 89' lang='lat' dir='ltr'><strong>quodque</strong></span> <span class='ocrx_word' id='word_1_53' title='bbox 1311 1573 1361 1616; x_wconf 88' lang='lat' dir='ltr'><strong>as·</strong></span> 
     </span>
     <span class='ocr_line' id='line_1_9' title="bbox 310 1653 1362 1732; baseline 0.002 -16"><span class='ocrx_word' id='word_1_54' title='bbox 310 1653 450 1718; x_wconf 83' lang='lat' dir='ltr'><strong>candens</strong></span> <span class='ocrx_word' id='word_1_55' title='bbox 480 1653 591 1719; x_wconf 91' lang='lat' dir='ltr'><strong>minus</strong></span> <span class='ocrx_word' id='word_1_56' title='bbox 614 1657 720 1732; x_wconf 87' lang='lat' dir='ltr'><strong>caute,</strong></span> <span class='ocrx_word' id='word_1_57' title='bbox 743 1653 787 1720; x_wconf 87' lang='lat' dir='ltr'><strong>ad</strong></span> <span class='ocrx_word' id='word_1_58' title='bbox 818 1657 940 1720; x_wconf 86' lang='lat' dir='ltr'><strong>terram</strong></span> <span class='ocrx_word' id='word_1_59' title='bbox 972 1653 1097 1720; x_wconf 89' lang='lat' dir='ltr'><strong>decidit</strong></span> <span class='ocrx_word' id='word_1_60' title='bbox 1127 1653 1309 1732; x_wconf 85' lang='lat' dir='ltr'><strong>casualiter,</strong></span> <span class='ocrx_word' id='word_1_61' title='bbox 1341 1674 1362 1718; x_wconf 93' lang='lat' dir='ltr'><strong>a</strong></span> 
     </span>
     <span class='ocr_line' id='line_1_10' title="bbox 309 1755 1361 1845; baseline 0.003 -26"><span class='ocrx_word' id='word_1_62' title='bbox 309 1755 400 1821; x_wconf 91' lang='lat' dir='ltr'><strong>nullo</strong></span> <span class='ocrx_word' id='word_1_63' title='bbox 414 1755 520 1822; x_wconf 88' lang='lat' dir='ltr'><strong>eidem</strong></span> <span class='ocrx_word' id='word_1_64' title='bbox 536 1756 696 1824; x_wconf 71' lang='lat' dir='ltr'><strong>uiolentia</strong></span> <span class='ocrx_word' id='word_1_65' title='bbox 712 1757 874 1845; x_wconf 83' lang='lat' dir='ltr'><strong>irrogata3</strong></span> <span class='ocrx_word' id='word_1_66' title='bbox 898 1756 957 1822; x_wconf 93' lang='lat' dir='ltr'><strong>ubi</strong></span> <span class='ocrx_word' id='word_1_67' title='bbox 975 1757 1088 1843; x_wconf 74' lang='lat' dir='ltr'><strong>jacens</strong></span> <span class='ocrx_word' id='word_1_68' title='bbox 1108 1755 1361 1844; x_wconf 88' lang='lat' dir='ltr'><strong>aliquantulum,</strong></span> 
     </span>
     <span class='ocr_line' id='line_1_11' title="bbox 310 1857 1361 1946; baseline 0.003 -25"><span class='ocrx_word' id='word_1_69' title='bbox 310 1857 466 1943; x_wconf 88' lang='lat' dir='ltr'><strong>spiritum</strong></span> <span class='ocrx_word' id='word_1_70' title='bbox 501 1859 678 1938; x_wconf 86' lang='lat' dir='ltr'><strong>exhalavit,</strong></span> <span class='ocrx_word' id='word_1_71' title='bbox 719 1858 847 1925; x_wconf 89' lang='lat' dir='ltr'><strong>modico</strong></span> <span class='ocrx_word' id='word_1_72' title='bbox 894 1859 1053 1946; x_wconf 84' lang='lat' dir='ltr'><strong>sauguine</strong></span> <span class='ocrx_word' id='word_1_73' title='bbox 1097 1879 1194 1945; x_wconf 89' lang='lat' dir='ltr'><strong>super</strong></span> <span class='ocrx_word' id='word_1_74' title='bbox 1239 1859 1361 1924; x_wconf 89' lang='lat' dir='ltr'><strong>atrium</strong></span> 
     </span>
     <span class='ocr_line' id='line_1_12' title="bbox 310 1959 1363 2048; baseline 0.002 -22"><span class='ocrx_word' id='word_1_75' title='bbox 310 1961 449 2027; x_wconf 77' lang='lat' dir='ltr'><strong>ecelesias</strong></span> <span class='ocrx_word' id='word_1_76' title='bbox 471 1963 513 2027; x_wconf 89' lang='lat' dir='ltr'><strong>de</strong></span> <span class='ocrx_word' id='word_1_77' title='bbox 543 1963 647 2048; x_wconf 88' lang='lat' dir='ltr'><strong>ipsius</strong></span> <span class='ocrx_word' id='word_1_78' title='bbox 668 1961 804 2026; x_wconf 87' lang='lat' dir='ltr'><strong>naribus</strong></span> <span class='ocrx_word' id='word_1_79' title='bbox 835 1959 1022 2026; x_wconf 86' lang='lat' dir='ltr'><strong>defluente:</strong></span> <span class='ocrx_word' id='word_1_80' title='bbox 1058 1967 1192 2047; x_wconf 89' lang='lat' dir='ltr'><strong>propter</strong></span> <span class='ocrx_word' id='word_1_81' title='bbox 1214 1961 1303 2048; x_wconf 92' lang='lat' dir='ltr'><strong>quod</strong></span> <span class='ocrx_word' id='word_1_82' title='bbox 1325 1965 1363 2028; x_wconf 84' lang='lat' dir='ltr'><strong>ut</strong></span> 
     </span>
     <span class='ocr_line' id='line_1_13' title="bbox 309 2061 1364 2151; baseline 0 -23"><span class='ocrx_word' id='word_1_83' title='bbox 309 2061 372 2128; x_wconf 89' lang='lat' dir='ltr'><strong>sibi</strong></span> <span class='ocrx_word' id='word_1_84' title='bbox 405 2084 505 2151; x_wconf 88' lang='lat' dir='ltr'><strong>super</strong></span> <span class='ocrx_word' id='word_1_85' title='bbox 534 2063 597 2128; x_wconf 89' lang='lat' dir='ltr'><strong>hoo</strong></span> <span class='ocrx_word' id='word_1_86' title='bbox 628 2085 714 2141; x_wconf 90' lang='lat' dir='ltr'><strong>casu,</strong></span> <span class='ocrx_word' id='word_1_87' title='bbox 736 2067 852 2128; x_wconf 88' lang='lat' dir='ltr'><strong>utrum</strong></span> <span class='ocrx_word' id='word_1_88' title='bbox 882 2083 903 2126; x_wconf 89' lang='lat' dir='ltr'><strong>a</strong></span> <span class='ocrx_word' id='word_1_89' title='bbox 935 2061 1061 2126; x_wconf 85' lang='lat' dir='ltr'><strong>divinis</strong></span> <span class='ocrx_word' id='word_1_90' title='bbox 1089 2062 1133 2126; x_wconf 89' lang='lat' dir='ltr'><strong>sit</strong></span> <span class='ocrx_word' id='word_1_91' title='bbox 1165 2064 1364 2140; x_wconf 88' lang='lat' dir='ltr'><strong>cessandum,</strong></span> 
     </span>
     <span class='ocr_line' id='line_1_14' title="bbox 310 2163 1359 2250; baseline 0 -22"><span class='ocrx_word' id='word_1_92' title='bbox 310 2185 421 2242; x_wconf 91' lang='lat' dir='ltr'><strong>necne,</strong></span> <span class='ocrx_word' id='word_1_93' title='bbox 466 2165 635 2231; x_wconf 88' lang='lat' dir='ltr'><strong>consulere</strong></span> <span class='ocrx_word' id='word_1_94' title='bbox 680 2165 901 2250; x_wconf 84' lang='lat' dir='ltr'><strong>dignaremur,</strong></span> <span class='ocrx_word' id='word_1_95' title='bbox 938 2163 1110 2228; x_wconf 83' lang='lat' dir='ltr'><strong>humiliter</strong></span> <span class='ocrx_word' id='word_1_96' title='bbox 1153 2163 1359 2250; x_wconf 78' lang='lat' dir='ltr'><strong>supplicavit.</strong></span> 
     </span>
     <span class='ocr_line' id='line_1_15' title="bbox 312 2265 1366 2353; baseline 0.001 -23"><span class='ocrx_word' id='word_1_97' title='bbox 312 2265 415 2331; x_wconf 87' lang='lat' dir='ltr'><strong>Unde</strong></span> <span class='ocrx_word' id='word_1_98' title='bbox 445 2265 541 2331; x_wconf 84' lang='lat' dir='ltr'><strong>vobis</strong></span> <span class='ocrx_word' id='word_1_99' title='bbox 571 2266 773 2345; x_wconf 88' lang='lat' dir='ltr'><strong>mandamus,</strong></span> <span class='ocrx_word' id='word_1_100' title='bbox 808 2265 965 2352; x_wconf 75' lang='lat' dir='ltr'><strong>quatinus</strong></span> <span class='ocrx_word' id='word_1_101' title='bbox 996 2265 1039 2330; x_wconf 89' lang='lat' dir='ltr'><strong>ad</strong></span> <span class='ocrx_word' id='word_1_102' title='bbox 1068 2265 1242 2353; x_wconf 74' lang='lat' dir='ltr'><strong>praefatam</strong></span> <span class='ocrx_word' id='word_1_103' title='bbox 1268 2265 1366 2334; x_wconf 89' lang='lat' dir='ltr'><strong>eccle·</strong></span> 
     </span>
     <span class='ocr_line' id='line_1_16' title="bbox 313 2367 1366 2456; baseline -0.001 -23"><span class='ocrx_word' id='word_1_104' title='bbox 313 2369 396 2433; x_wconf 88' lang='lat' dir='ltr'><strong>siam</strong></span> <span class='ocrx_word' id='word_1_105' title='bbox 412 2367 476 2434; x_wconf 90' lang='lat' dir='ltr'><strong>sub</strong></span> <span class='ocrx_word' id='word_1_106' title='bbox 492 2368 581 2434; x_wconf 91' lang='lat' dir='ltr'><strong>omni</strong></span> <span class='ocrx_word' id='word_1_107' title='bbox 596 2368 762 2434; x_wconf 89' lang='lat' dir='ltr'><strong>celeritate</strong></span> <span class='ocrx_word' id='word_1_108' title='bbox 776 2389 835 2432; x_wconf 85' lang='lat' dir='ltr'><strong>voe</strong></span> <span class='ocrx_word' id='word_1_109' title='bbox 850 2367 1065 2456; x_wconf 80' lang='lat' dir='ltr'><strong>personaliter</strong></span> <span class='ocrx_word' id='word_1_110' title='bbox 1080 2367 1291 2446; x_wconf 80' lang='lat' dir='ltr'><strong>conferentes,</strong></span> <span class='ocrx_word' id='word_1_111' title='bbox 1306 2389 1366 2454; x_wconf 92' lang='lat' dir='ltr'><strong>per</strong></span> 
     </span>
     <span class='ocr_line' id='line_1_17' title="bbox 313 2469 1393 2558; baseline 0 -22"><span class='ocrx_word' id='word_1_112' title='bbox 313 2472 401 2538; x_wconf 90' lang='lat' dir='ltr'><strong>viros</strong></span> <span class='ocrx_word' id='word_1_113' title='bbox 424 2470 606 2558; x_wconf 83' lang='lat' dir='ltr'><strong>fidedignos</strong></span> <span class='ocrx_word' id='word_1_114' title='bbox 628 2471 771 2557; x_wconf 90' lang='lat' dir='ltr'><strong>ejusdem</strong></span> <span class='ocrx_word' id='word_1_115' title='bbox 794 2469 965 2556; x_wconf 86' lang='lat' dir='ltr'><strong>parochiae,</strong></span> <span class='ocrx_word' id='word_1_116' title='bbox 989 2470 1029 2534; x_wconf 91' lang='lat' dir='ltr'><strong>de</strong></span> <span class='ocrx_word' id='word_1_117' title='bbox 1059 2471 1236 2557; x_wconf 72' lang='lat' dir='ltr'><strong>praemissis</strong></span> <span class='ocrx_word' id='word_1_118' title='bbox 1258 2471 1364 2536; x_wconf 90' lang='lat' dir='ltr'><strong>omni·</strong></span> <span class='ocrx_word' id='word_1_119' title='bbox 1387 2501 1393 2510; x_wconf 95' lang='lat'><strong>·</strong></span> 
     </span>
     <span class='ocr_line' id='line_1_18' title="bbox 311 2571 1363 2660; baseline 0 -22"><span class='ocrx_word' id='word_1_120' title='bbox 311 2574 374 2638; x_wconf 88' lang='lat' dir='ltr'><strong>hus</strong></span> <span class='ocrx_word' id='word_1_121' title='bbox 388 2573 565 2659; x_wconf 89' lang='lat' dir='ltr'><strong>inquiratis</strong></span> <span class='ocrx_word' id='word_1_122' title='bbox 580 2573 756 2660; x_wconf 82' lang='lat' dir='ltr'><strong>diligenter</strong></span> <span class='ocrx_word' id='word_1_123' title='bbox 769 2572 965 2649; x_wconf 83' lang='lat' dir='ltr'><strong>veritatem3</strong></span> <span class='ocrx_word' id='word_1_124' title='bbox 983 2571 1045 2658; x_wconf 85' lang='lat' dir='ltr'><strong>[et]</strong></span> <span class='ocrx_word' id='word_1_125' title='bbox 1057 2573 1153 2638; x_wconf 91' lang='lat' dir='ltr'><strong>nobis</strong></span> <span class='ocrx_word' id='word_1_126' title='bbox 1168 2573 1254 2658; x_wconf 92' lang='lat' dir='ltr'><strong>quod</strong></span> <span class='ocrx_word' id='word_1_127' title='bbox 1270 2574 1363 2638; x_wconf 92' lang='lat' dir='ltr'><strong>inve-</strong></span> 
     </span>
     <span class='ocr_line' id='line_1_19' title="bbox 310 2673 1361 2762; baseline 0.001 -20"><span class='ocrx_word' id='word_1_128' title='bbox 310 2675 427 2742; x_wconf 89' lang='lat' dir='ltr'><strong>neritis</strong></span> <span class='ocrx_word' id='word_1_129' title='bbox 449 2675 485 2739; x_wconf 92' lang='lat' dir='ltr'><strong>in</strong></span> <span class='ocrx_word' id='word_1_130' title='bbox 506 2674 567 2741; x_wconf 85' lang='lat' dir='ltr'><strong>hae</strong></span> <span class='ocrx_word' id='word_1_131' title='bbox 581 2681 683 2762; x_wconf 86' lang='lat' dir='ltr'><strong>parte,</strong></span> <span class='ocrx_word' id='word_1_132' title='bbox 705 2675 766 2741; x_wconf 89' lang='lat' dir='ltr'><strong>sub</strong></span> <span class='ocrx_word' id='word_1_133' title='bbox 788 2673 896 2761; x_wconf 82' lang='lat' dir='ltr'><strong>sigillo</strong></span> <span class='ocrx_word' id='word_1_134' title='bbox 918 2679 1037 2752; x_wconf 90' lang='lat' dir='ltr'><strong>vestro,</strong></span> <span class='ocrx_word' id='word_1_135' title='bbox 1054 2681 1088 2740; x_wconf 90' lang='lat' dir='ltr'><strong>et</strong></span> <span class='ocrx_word' id='word_1_136' title='bbox 1111 2675 1227 2761; x_wconf 84' lang='lat' dir='ltr'><strong>sigillis</strong></span> <span class='ocrx_word' id='word_1_137' title='bbox 1249 2697 1361 2742; x_wconf 91' lang='lat' dir='ltr'><strong>eorum</strong></span> 
     </span>
     <span class='ocr_line' id='line_1_20' title="bbox 312 2776 1362 2865; baseline 0 -21"><span class='ocrx_word' id='word_1_138' title='bbox 312 2801 369 2864; x_wconf 92' lang='lat' dir='ltr'><strong>per</strong></span> <span class='ocrx_word' id='word_1_139' title='bbox 391 2800 473 2865; x_wconf 90' lang='lat' dir='ltr'><strong>quos</strong></span> <span class='ocrx_word' id='word_1_140' title='bbox 495 2778 685 2864; x_wconf 88' lang='lat' dir='ltr'><strong>hujusmodi</strong></span> <span class='ocrx_word' id='word_1_141' title='bbox 714 2776 963 2862; x_wconf 84' lang='lat' dir='ltr'><strong>inquisitionem</strong></span> <span class='ocrx_word' id='word_1_142' title='bbox 986 2776 1149 2843; x_wconf 86' lang='lat' dir='ltr'><strong>duxeritis</strong></span> <span class='ocrx_word' id='word_1_143' title='bbox 1179 2778 1362 2844; x_wconf 87' lang='lat' dir='ltr'><strong>faciendam</strong></span> 
     </span>
     <span class='ocr_line' id='line_1_21' title="bbox 314 2879 1363 2968; baseline 0.001 -22"><span class='ocrx_word' id='word_1_144' title='bbox 314 2902 372 2966; x_wconf 92' lang='lat' dir='ltr'><strong>per</strong></span> <span class='ocrx_word' id='word_1_145' title='bbox 400 2888 529 2947; x_wconf 86' lang='lat' dir='ltr'><strong>vestras</strong></span> <span class='ocrx_word' id='word_1_146' title='bbox 551 2885 704 2968; x_wconf 84' lang='lat' dir='ltr'><strong>patentes</strong></span> <span class='ocrx_word' id='word_1_147' title='bbox 733 2879 854 2961; x_wconf 87' lang='lat' dir='ltr'><strong>literas,</strong></span> <span class='ocrx_word' id='word_1_148' title='bbox 879 2901 952 2965; x_wconf 85' lang='lat' dir='ltr'><strong>quae</strong></span> <span class='ocrx_word' id='word_1_149' title='bbox 974 2879 1091 2945; x_wconf 86' lang='lat' dir='ltr'><strong>harum</strong></span> <span class='ocrx_word' id='word_1_150' title='bbox 1116 2881 1233 2947; x_wconf 86' lang='lat' dir='ltr'><strong>seriem</strong></span> <span class='ocrx_word' id='word_1_151' title='bbox 1258 2883 1363 2947; x_wconf 90' lang='lat' dir='ltr'><strong>conti·</strong></span> 
     </span>
     <span class='ocr_line' id='line_1_22' title="bbox 312 2981 1362 3067; baseline 0.001 -22"><span class='ocrx_word' id='word_1_152' title='bbox 312 2985 422 3059; x_wconf 90' lang='lat' dir='ltr'><strong>neant,</strong></span> <span class='ocrx_word' id='word_1_153' title='bbox 439 2982 582 3048; x_wconf 87' lang='lat' dir='ltr'><strong>dilucide</strong></span> <span class='ocrx_word' id='word_1_154' title='bbox 598 2988 633 3046; x_wconf 91' lang='lat' dir='ltr'><strong>et</strong></span> <span class='ocrx_word' id='word_1_155' title='bbox 654 2985 768 3067; x_wconf 87' lang='lat' dir='ltr'><strong>aperte</strong></span> <span class='ocrx_word' id='word_1_156' title='bbox 790 2981 1024 3048; x_wconf 80' lang='lat' dir='ltr'><strong>certitudinem</strong></span> <span class='ocrx_word' id='word_1_157' title='bbox 1048 2982 1220 3050; x_wconf 90' lang='lat' dir='ltr'><strong>intimetis.</strong></span> <span class='ocrx_word' id='word_1_158' title='bbox 1265 2983 1310 3049; x_wconf 88' lang='lat' dir='ltr'><strong>Et</strong></span> <span class='ocrx_word' id='word_1_159' title='bbox 1332 2983 1362 3048; x_wconf 87' lang='lat' dir='ltr'><strong>si</strong></span> 
     </span>
     <span class='ocr_line' id='line_1_23' title="bbox 311 3083 1362 3171; baseline -0.001 -20"><span class='ocrx_word' id='word_1_160' title='bbox 311 3085 476 3169; x_wconf 81' lang='lat' dir='ltr'><strong>praedietis</strong></span> <span class='ocrx_word' id='word_1_161' title='bbox 507 3084 603 3150; x_wconf 91' lang='lat' dir='ltr'><strong>nobis</strong></span> <span class='ocrx_word' id='word_1_162' title='bbox 626 3083 789 3171; x_wconf 84' lang='lat' dir='ltr'><strong>suggestis</strong></span> <span class='ocrx_word' id='word_1_163' title='bbox 811 3083 989 3149; x_wconf 86' lang='lat' dir='ltr'><strong>veritatem</strong></span> <span class='ocrx_word' id='word_1_164' title='bbox 1015 3083 1216 3150; x_wconf 87' lang='lat' dir='ltr'><strong>inveneritis</strong></span> <span class='ocrx_word' id='word_1_165' title='bbox 1246 3085 1362 3150; x_wconf 85' lang='lat' dir='ltr'><strong>suffra·</strong></span> 
     </span>
     <span class='ocr_line' id='line_1_24' title="bbox 311 3185 1363 3278; baseline 0.002 -28"><span class='ocrx_word' id='word_1_166' title='bbox 311 3187 389 3278; x_wconf 81' lang='lat' dir='ltr'><strong>gari,</strong></span> <span class='ocrx_word' id='word_1_167' title='bbox 405 3187 442 3250; x_wconf 94' lang='lat' dir='ltr'><strong>in</strong></span> <span class='ocrx_word' id='word_1_168' title='bbox 465 3186 554 3251; x_wconf 89' lang='lat' dir='ltr'><strong>diota</strong></span> <span class='ocrx_word' id='word_1_169' title='bbox 582 3186 711 3252; x_wconf 88' lang='lat' dir='ltr'><strong>faciatis</strong></span> <span class='ocrx_word' id='word_1_170' title='bbox 733 3185 868 3252; x_wconf 88' lang='lat' dir='ltr'><strong>ecclesia</strong></span> <span class='ocrx_word' id='word_1_171' title='bbox 891 3186 1005 3251; x_wconf 88' lang='lat' dir='ltr'><strong>divina</strong></span> <span class='ocrx_word' id='word_1_172' title='bbox 1027 3185 1132 3252; x_wconf 82' lang='lat' dir='ltr'><strong>officia</strong></span> <span class='ocrx_word' id='word_1_173' title='bbox 1154 3209 1245 3252; x_wconf 90' lang='lat' dir='ltr'><strong>more</strong></span> <span class='ocrx_word' id='word_1_174' title='bbox 1267 3188 1363 3252; x_wconf 86' lang='lat' dir='ltr'><strong>solito</strong></span> 
     </span>
     <span class='ocr_line' id='line_1_25' title="bbox 311 3287 1365 3374; baseline 0.001 -21"><span class='ocrx_word' id='word_1_175' title='bbox 311 3289 473 3355; x_wconf 88' lang='lat' dir='ltr'><strong>celebrari.</strong></span> <span class='ocrx_word' id='word_1_176' title='bbox 499 3287 627 3354; x_wconf 88' lang='lat' dir='ltr'><strong>Valete.</strong></span> <span class='ocrx_word' id='word_1_177' title='bbox 657 3288 785 3353; x_wconf 88' lang='lat' dir='ltr'><strong>Datum</strong></span> <span class='ocrx_word' id='word_1_178' title='bbox 799 3287 887 3374; x_wconf 90' lang='lat' dir='ltr'><strong>apud</strong></span> <span class='ocrx_word' id='word_1_179' title='bbox 903 3287 1046 3365; x_wconf 89' lang='lat' dir='ltr'><strong>Richale,</strong></span> <span class='ocrx_word' id='word_1_180' title='bbox 1057 3289 1154 3374; x_wconf 80' lang='lat' dir='ltr'><strong>xxijo.</strong></span> <span class='ocrx_word' id='word_1_181' title='bbox 1164 3289 1217 3354; x_wconf 90' lang='lat' dir='ltr'><strong>die</strong></span> <span class='ocrx_word' id='word_1_182' title='bbox 1227 3289 1365 3354; x_wconf 85' lang='lat' dir='ltr'><strong>Julii-</strong></span> 
     </span>
     <span class='ocr_line' id='line_1_26' title="bbox 311 3389 1365 3477; baseline 0.001 -23"><span class='ocrx_word' id='word_1_183' title='bbox 311 3389 423 3475; x_wconf 88' lang='lat' dir='ltr'><strong>Hujus</strong></span> <span class='ocrx_word' id='word_1_184' title='bbox 445 3390 550 3477; x_wconf 84' lang='lat' dir='ltr'><strong>igitur</strong></span> <span class='ocrx_word' id='word_1_185' title='bbox 578 3389 683 3456; x_wconf 88' lang='lat' dir='ltr'><strong>vestri</strong></span> <span class='ocrx_word' id='word_1_186' title='bbox 713 3390 911 3456; x_wconf 87' lang='lat' dir='ltr'><strong>auctoritate</strong></span> <span class='ocrx_word' id='word_1_187' title='bbox 943 3391 1099 3468; x_wconf 89' lang='lat' dir='ltr'><strong>mandati,</strong></span> <span class='ocrx_word' id='word_1_188' title='bbox 1131 3391 1175 3456; x_wconf 91' lang='lat' dir='ltr'><strong>ad</strong></span> <span class='ocrx_word' id='word_1_189' title='bbox 1197 3391 1365 3456; x_wconf 87' lang='lat' dir='ltr'><strong>ecclesiam</strong></span> 
     </span>
     <span class='ocr_line' id='line_1_27' title="bbox 313 3491 1364 3579; baseline 0 -23"><span class='ocrx_word' id='word_1_190' title='bbox 313 3492 530 3578; x_wconf 80' lang='lat' dir='ltr'><strong>parochialem</strong></span> <span class='ocrx_word' id='word_1_191' title='bbox 563 3493 604 3557; x_wconf 90' lang='lat' dir='ltr'><strong>de</strong></span> <span class='ocrx_word' id='word_1_192' title='bbox 635 3491 804 3578; x_wconf 84' lang='lat' dir='ltr'><strong>Hoghtou’</strong></span> <span class='ocrx_word' id='word_1_193' title='bbox 836 3491 1054 3577; x_wconf 76' lang='lat' dir='ltr'><strong>personaliter</strong></span> <span class='ocrx_word' id='word_1_194' title='bbox 1085 3491 1276 3570; x_wconf 78' lang='lat' dir='ltr'><strong>accessise</strong></span> <span class='ocrx_word' id='word_1_195' title='bbox 1307 3515 1364 3579; x_wconf 93' lang='lat' dir='ltr'><strong>per</strong></span> 
     </span>
     <span class='ocr_line' id='line_1_28' title="bbox 313 3592 1364 3682; baseline 0 -22"><span class='ocrx_word' id='word_1_196' title='bbox 313 3595 478 3682; x_wconf 85' lang='lat' dir='ltr'><strong>Rogerum</strong></span> <span class='ocrx_word' id='word_1_197' title='bbox 509 3593 616 3659; x_wconf 91' lang='lat' dir='ltr'><strong>filium</strong></span> <span class='ocrx_word' id='word_1_198' title='bbox 651 3593 827 3680; x_wconf 86' lang='lat' dir='ltr'><strong>Reginaldi</strong></span> <span class='ocrx_word' id='word_1_199' title='bbox 849 3592 891 3658; x_wconf 91' lang='lat' dir='ltr'><strong>de</strong></span> <span class='ocrx_word' id='word_1_200' title='bbox 918 3593 1054 3680; x_wconf 83' lang='lat' dir='ltr'><strong>·Bydik’,</strong></span> <span class='ocrx_word' id='word_1_201' title='bbox 1089 3593 1291 3660; x_wconf 89' lang='lat' dir='ltr'><strong>Willelmum</strong></span> <span class='ocrx_word' id='word_1_202' title='bbox 1324 3595 1364 3662; x_wconf 91' lang='lat' dir='ltr'><strong>de</strong></span> 
     </span>
     <span class='ocr_line' id='line_1_29' title="bbox 313 3695 1363 3776; baseline 0.002 -16"><span class='ocrx_word' id='word_1_203' title='bbox 313 3695 475 3762; x_wconf 91' lang='lat' dir='ltr'><strong>Neubotel</strong></span> <span class='ocrx_word' id='word_1_204' title='bbox 514 3695 556 3760; x_wconf 92' lang='lat' dir='ltr'><strong>de</strong></span> <span class='ocrx_word' id='word_1_205' title='bbox 587 3696 708 3773; x_wconf 87' lang='lat' dir='ltr'><strong>eadem,</strong></span> <span class='ocrx_word' id='word_1_206' title='bbox 740 3695 929 3761; x_wconf 87' lang='lat' dir='ltr'><strong>Johannem</strong></span> <span class='ocrx_word' id='word_1_207' title='bbox 968 3695 1100 3762; x_wconf 89' lang='lat' dir='ltr'><strong>Punder</strong></span> <span class='ocrx_word' id='word_1_208' title='bbox 1137 3696 1178 3762; x_wconf 88' lang='lat' dir='ltr'><strong>de</strong></span> <span class='ocrx_word' id='word_1_209' title='bbox 1216 3697 1363 3776; x_wconf 89' lang='lat' dir='ltr'><strong>Hetton’‚</strong></span> 
     </span>
     <span class='ocr_line' id='line_1_30' title="bbox 312 3797 1363 3880; baseline 0.001 -17"><span class='ocrx_word' id='word_1_210' title='bbox 312 3799 516 3864; x_wconf 89' lang='lat' dir='ltr'><strong>Willelmum</strong></span> <span class='ocrx_word' id='word_1_211' title='bbox 547 3799 655 3864; x_wconf 86' lang='lat' dir='ltr'><strong>tilium</strong></span> <span class='ocrx_word' id='word_1_212' title='bbox 692 3797 783 3864; x_wconf 91' lang='lat' dir='ltr'><strong>Petri</strong></span> <span class='ocrx_word' id='word_1_213' title='bbox 815 3797 867 3863; x_wconf 87' lang='lat' dir='ltr'><strong>de·</strong></span> <span class='ocrx_word' id='word_1_214' title='bbox 888 3797 1041 3880; x_wconf 81' lang='lat' dir='ltr'><strong>Bencher,</strong></span> <span class='ocrx_word' id='word_1_215' title='bbox 1076 3798 1189 3865; x_wconf 90' lang='lat' dir='ltr'><strong>David</strong></span> <span class='ocrx_word' id='word_1_216' title='bbox 1223 3801 1363 3878; x_wconf 82' lang='lat' dir='ltr'><strong>Punder,</strong></span> 
     </span>
     <span class='ocr_line' id='line_1_31' title="bbox 313 3899 1363 3986; baseline -0.001 -19"><span class='ocrx_word' id='word_1_217' title='bbox 313 3901 517 3967; x_wconf 89' lang='lat' dir='ltr'><strong>Willelmum</strong></span> <span class='ocrx_word' id='word_1_218' title='bbox 559 3901 667 3965; x_wconf 89' lang='lat' dir='ltr'><strong>filium</strong></span> <span class='ocrx_word' id='word_1_219' title='bbox 704 3899 804 3965; x_wconf 83' lang='lat' dir='ltr'><strong>Alani</strong></span> <span class='ocrx_word' id='word_1_220' title='bbox 852 3900 891 3965; x_wconf 89' lang='lat' dir='ltr'><strong>de</strong></span> <span class='ocrx_word' id='word_1_221' title='bbox 930 3899 1109 3986; x_wconf 87' lang='lat' dir='ltr'><strong>Hoghton’,</strong></span> <span class='ocrx_word' id='word_1_222' title='bbox 1156 3901 1363 3986; x_wconf 86' lang='lat' dir='ltr'><strong>Stephanum</strong></span> 
     </span>
     <span class='ocr_line' id='line_1_32' title="bbox 312 4001 1364 4092; baseline -0.002 -21"><span class='ocrx_word' id='word_1_223' title='bbox 312 4005 644 4092; x_wconf 81' lang='lat' dir='ltr'><strong>Teddy,J0ha1mem</strong></span> <span class='ocrx_word' id='word_1_224' title='bbox 667 4003 707 4068; x_wconf 88' lang='lat' dir='ltr'><strong>de</strong></span> <span class='ocrx_word' id='word_1_225' title='bbox 731 4001 948 4088; x_wconf 83' lang='lat' dir='ltr'><strong>Heryngton&#39;,</strong></span> <span class='ocrx_word' id='word_1_226' title='bbox 979 4002 1167 4068; x_wconf 86' lang='lat' dir='ltr'><strong>Johannem</strong></span> <span class='ocrx_word' id='word_1_227' title='bbox 1190 4001 1307 4068; x_wconf 88' lang='lat' dir='ltr'><strong>Porter</strong></span> <span class='ocrx_word' id='word_1_228' title='bbox 1329 4009 1364 4069; x_wconf 91' lang='lat' dir='ltr'><strong>et</strong></span> 
     </span>
     <span class='ocr_line' id='line_1_33' title="bbox 313 4095 1362 4191; baseline -0.003 -18"><span class='ocrx_word' id='word_1_229' title='bbox 313 4107 494 4173; x_wconf 86' lang='lat' dir='ltr'><strong>Robertum</strong></span> <span class='ocrx_word' id='word_1_230' title='bbox 516 4105 623 4183; x_wconf 86' lang='lat' dir='ltr'><strong>Snter,</strong></span> <span class='ocrx_word' id='word_1_231' title='bbox 638 4095 787 4170; x_wconf 91' lang='lat' dir='ltr'><strong>dominos</strong></span> <span class='ocrx_word' id='word_1_232' title='bbox 803 4103 1016 4184; x_wconf 78' lang='lat' dir='ltr'><strong>Willelmum,</strong></span> <span class='ocrx_word' id='word_1_233' title='bbox 1039 4103 1253 4191; x_wconf 83' lang='lat' dir='ltr'><strong>capellanum,</strong></span> <span class='ocrx_word' id='word_1_234' title='bbox 1269 4127 1362 4190; x_wconf 91' lang='lat' dir='ltr'><strong>paro-</strong></span> 
     </span>
    </p>

    <p class='ocr_par' dir='ltr' id='par_1_4' title="bbox 172 4205 1363 4707">
     <span class='ocr_line' id='line_1_34' title="bbox 172 4205 1363 4294; baseline -0.005 -16"><span class='ocrx_word' id='word_1_235' title='bbox 172 4221 180 4234; x_wconf 86' lang='grc'><strong>”</strong></span> <span class='ocrx_word' id='word_1_236' title='bbox 312 4210 395 4278; x_wconf 87' lang='lat' dir='ltr'><strong>chiae</strong></span> <span class='ocrx_word' id='word_1_237' title='bbox 418 4209 459 4274; x_wconf 90' lang='lat' dir='ltr'><strong>de</strong></span> <span class='ocrx_word' id='word_1_238' title='bbox 474 4207 650 4294; x_wconf 87' lang='lat' dir='ltr'><strong>Hoghton&#39;,</strong></span> <span class='ocrx_word' id='word_1_239' title='bbox 667 4205 867 4274; x_wconf 89' lang='lat' dir='ltr'><strong>Willelmum</strong></span> <span class='ocrx_word' id='word_1_240' title='bbox 891 4205 1102 4292; x_wconf 86' lang='lat' dir='ltr'><strong>capellanum,</strong></span> <span class='ocrx_word' id='word_1_241' title='bbox 1121 4211 1363 4291; x_wconf 87' lang='lat' dir='ltr'><strong>procuratorem</strong></span> 
     </span>
     <span class='ocr_line' id='line_1_35' title="bbox 313 4307 1362 4400; baseline -0.004 -20"><span class='ocrx_word' id='word_1_242' title='bbox 313 4311 466 4400; x_wconf 80' lang='lat' dir='ltr'><strong>ejusdem,</strong></span> <span class='ocrx_word' id='word_1_243' title='bbox 500 4309 692 4396; x_wconf 86' lang='lat' dir='ltr'><strong>fidedignos,</strong></span> <span class='ocrx_word' id='word_1_244' title='bbox 726 4307 868 4394; x_wconf 87' lang='lat' dir='ltr'><strong>juratos,</strong></span> <span class='ocrx_word' id='word_1_245' title='bbox 903 4307 940 4370; x_wconf 91' lang='lat' dir='ltr'><strong>in</strong></span> <span class='ocrx_word' id='word_1_246' title='bbox 986 4307 1129 4371; x_wconf 88' lang='lat' dir='ltr'><strong>crastino</strong></span> <span class='ocrx_word' id='word_1_247' title='bbox 1166 4309 1362 4394; x_wconf 86' lang='lat' dir='ltr'><strong>receptionis</strong></span> 
     </span>
     <span class='ocr_line' id='line_1_36' title="bbox 310 4409 1361 4503; baseline -0.003 -21"><span class='ocrx_word' id='word_1_248' title='bbox 310 4415 523 4503; x_wconf 86' lang='lat' dir='ltr'><strong>praesentium</strong></span> <span class='ocrx_word' id='word_1_249' title='bbox 561 4435 658 4500; x_wconf 89' lang='lat' dir='ltr'><strong>super</strong></span> <span class='ocrx_word' id='word_1_250' title='bbox 695 4410 874 4499; x_wconf 87' lang='lat' dir='ltr'><strong>praemissis</strong></span> <span class='ocrx_word' id='word_1_251' title='bbox 911 4409 1080 4496; x_wconf 90' lang='lat' dir='ltr'><strong>inquisivi.</strong></span> <span class='ocrx_word' id='word_1_252' title='bbox 1142 4409 1209 4492; x_wconf 82' lang='lat' dir='ltr'><strong>Qui</strong></span> <span class='ocrx_word' id='word_1_253' title='bbox 1246 4413 1361 4480; x_wconf 89' lang='lat' dir='ltr'><strong>dicunt</strong></span> 
     </span>
     <span class='ocr_line' id='line_1_37' title="bbox 310 4510 1361 4604; baseline 0 -22"><span class='ocrx_word' id='word_1_254' title='bbox 310 4519 521 4596; x_wconf 90' lang='lat' dir='ltr'><strong>unanimiter,</strong></span> <span class='ocrx_word' id='word_1_255' title='bbox 552 4516 643 4604; x_wconf 94' lang='lat' dir='ltr'><strong>quod</strong></span> <span class='ocrx_word' id='word_1_256' title='bbox 677 4515 786 4581; x_wconf 88' lang='lat' dir='ltr'><strong>dictus</strong></span> <span class='ocrx_word' id='word_1_257' title='bbox 808 4510 979 4578; x_wconf 86' lang='lat' dir='ltr'><strong>Johannes</strong></span> <span class='ocrx_word' id='word_1_258' title='bbox 1010 4512 1121 4600; x_wconf 81' lang='lat' dir='ltr'><strong>Saysr,</strong></span> <span class='ocrx_word' id='word_1_259' title='bbox 1144 4515 1361 4602; x_wconf 88' lang='lat' dir='ltr'><strong>parochianus</strong></span> 
     </span>
     <span class='ocr_line' id='line_1_38' title="bbox 310 4615 1362 4707; baseline -0.002 -21"><span class='ocrx_word' id='word_1_260' title='bbox 310 4621 457 4707; x_wconf 89' lang='lat' dir='ltr'><strong>ejusdem</strong></span> <span class='ocrx_word' id='word_1_261' title='bbox 472 4619 623 4698; x_wconf 88' lang='lat' dir='ltr'><strong>ecclesiae,</strong></span> <span class='ocrx_word' id='word_1_262' title='bbox 639 4617 683 4684; x_wconf 89' lang='lat' dir='ltr'><strong>ad</strong></span> <span class='ocrx_word' id='word_1_263' title='bbox 706 4617 827 4684; x_wconf 88' lang='lat' dir='ltr'><strong>dictam</strong></span> <span class='ocrx_word' id='word_1_264' title='bbox 843 4615 1016 4695; x_wconf 82' lang='lat' dir='ltr'><strong>ecclesiam,</strong></span> <span class='ocrx_word' id='word_1_265' title='bbox 1032 4623 1165 4705; x_wconf 87' lang='lat' dir='ltr'><strong>propter</strong></span> <span class='ocrx_word' id='word_1_266' title='bbox 1180 4619 1362 4686; x_wconf 81' lang='lat' dir='ltr'><strong>adventum</strong></span> 
     </span>
    </p>
   </div>
   <div class='ocr_carea' id='block_1_3' title="bbox 0 0 1730 5702">
    <p class='ocr_par' dir='ltr' id='par_1_5' title="bbox 0 0 1730 5702">
     <span class='ocr_line' id='line_1_39' title="bbox 0 0 1730 5702; baseline 0 1"><span class='ocrx_word' id='word_1_267' title='bbox 0 0 1730 5702; x_wconf 95' lang='lat' dir='ltr'><strong> </strong></span> 
     </span>
    </p>
   </div>
  </div>
 </body>
</html>
