3562 5710
511 823 713 875 aumsraun
735 823 934 873 rmsmuuu
956 817 1196 878 nouaunauss.
1311 811 1376 879 999
1515 841 1518 848 ·

163 1033 319 1092 0000000.
330 1019 365 1083 09
402 1015 548 1085 Marchia
582 1017 746 1105 praedictis
779 1017 1004 1096 devastarunt,
1035 1017 1147 1082 fideles
1180 1021 1308 1084 nostros
1341 1019 1378 1084 in
1407 1033 1529 1082 amma.

334 1117 431 1185 dictis
454 1119 687 1198 oast1is‚villis
710 1123 744 1185 ct
767 1117 947 1199 fortalitiis,
970 1123 1005 1184 09
1027 1119 1100 1186 aliis
1115 1119 1201 1198 10090,
1225 1120 1379 1186 inventos

329 1223 482 1308 nequiter
503 1221 744 1300 interficientes,
759 1241 797 1286 ac
818 1221 957 1287 aliorum
972 1221 1144 1308 utriusque
1166 1243 1263 1288 sexus
1285 1223 1380 1288 inno·

330 1325 474 1390 centium
508 1324 699 1411 sanguinem
722 1322 890 1388 eflbndere
912 1343 979 1388 non
1001 1329 1170 1405 verentes3
1192 1328 1237 1405 09,
1258 1327 1311 1389 909
1344 1328 1378 1390 09

330 1426 435 1506 tantis
466 1424 663 1492 facinoribus
694 1445 762 1490 non
784 1426 939 1504 contenti,
962 1447 1065 1512 usque
1097 1425 1209 1492 villam
1231 1427 1379 1492 nostram

329 1528 369 1592 de
393 1527 557 1594 Berewico
590 1547 687 1613 super
709 1527 874 1605 Twedam,
896 1532 931 1593 et
961 1527 1026 1594 ulia
1047 1527 1119 1594 loca
1139 1526 1227 1593 infra
1257 1527 1380 1594 dictam

330 1636 452 1698 terram
481 1634 627 1696 nostram
650 1629 789 1718 Angliae,
812 1629 854 1695 ad
877 1628 1066 1715 hujusmodi
1088 1629 1183 1706 mala,
1200 1633 1234 1694 09
1260 1629 1380 1715 pejora,

329 1756 388 1820 pro
410 1732 538 1798 viribus
567 1733 634 1797 suis
664 1731 890 1818 perpetranda,
913 1753 988 1799 eum
1017 1751 1136 1817 magna
1165 1730 1381 1796 multitudine

330 1837 540 1911 armatorum,
562 1835 711 1900 accedere
737 1835 809 1920 J'am
831 1834 1009 1913 festinant3
1030 1854 1090 1920 per
1111 1833 1207 1918 quod,
1232 1855 1291 1918 pro
1317 1833 1382 1898 eal·

331 1936 464 2002 vatione
495 1936 584 2002 villae
606 1941 641 2002 09
664 1935 819 2004 Marchiae
851 1936 1092 2022 praedictarum,
1116 1939 1150 1999 09
1180 1933 1382 2024 relevatione

330 2039 481 2106 Ecclesiae
513 2039 654 2118 Sanctae,
685 2059 784 2124 quam
818 2037 900 2104 dicti
922 2037 1048 2102 inimici
1077 2036 1114 2101 in
1144 2056 1212 2101 000
1245 2035 1382 2102 modicia

329 2141 480 2228 partibus
515 2141 672 2210 Marohiae
705 2138 873 2226 praediotae
907 2140 968 2204 009
1001 2138 1128 2204 tributo
1164 2159 1222 2224 per
1251 2143 1383 2225 tompus
1423 2191 1426 2199 .

330 2243 462 2328 aliquod
495 2245 684 2328 posuenmt,
707 2241 749 2307 ab
780 2240 969 2326 hujusmodi
990 2239 1160 2319 servitute,
1182 2260 1221 2308 00
1242 2261 1301 2325 pro
1334 2261 1383 2306 re-

330 2343 481 2430 pulsione
503 2343 680 2409 eorundem
703 2342 911 2407 inimicorum
933 2345 1128 2420 nostrorum,
1158 2340 1383 2408 ordinavimus

330 2465 400 2512 0000
421 2445 511 2531 0000
533 2443 669 2510 Novum
684 2442 838 2510 Castrum
860 2463 957 2529 super
978 2441 1116 2528 Tynam,
1133 2442 1186 2507 dia
1208 2442 1383 2509 Dominica

330 2546 461 2614 adicto
492 2545 576 2612 festo
599 2545 731 2611 Paschae
753 2545 790 2609 in
812 2549 879 2611 tres
903 2543 1111 2631 septimanas,
1135 2565 1211 2612 cum
1233 2546 1326 2630 equis
1348 2550 1383 2610 09

329 2647 439 2727 armis,
462 2647 505 2714 00
529 2647 799 2734 proficiscendum
823 2647 942 2712 exinde
964 2651 1079 2714 contra
1108 2646 1213 2714 dictos
1234 2647 1383 2714 inimicos

328 2754 465 2828 nostros,
482 2772 523 2816 ex
545 2749 650 2817 causis
672 2749 858 2836 praedictis3
881 2749 973 2835 cujus
996 2752 1170 2836 praetextu,
1186 2749 1383 2836 parliamen-

330 2861 403 2920 tum
417 2853 621 2941 praedictum,
637 2854 683 2919 sio
699 2851 945 2932 summonitum,
955 2851 1052 2917 dictis
1067 2849 1121 2917 dio
1136 2855 1171 2918 09
1185 2851 1255 2919 loco
1269 2855 1381 2919 tenere

330 2979 398 3023 non
419 2956 607 3043 poterimus,
638 2959 678 3021 09
700 2955 880 3020 vellemus:
912 2953 1007 3020 vobis
1029 2953 1260 3041 significamus
1294 2955 1382 3040 quod

330 3081 388 3125 vos
409 3080 512 3146 usque
535 3057 862 3126 westmonasterium
888 3057 933 3123 ad
958 3056 1159 3142 quindenam
1181 3056 1382 3144 praedictam,

329 3163 456 3229 0099000
477 3161 685 3248 parliamenti
703 3159 862 3248 praedicti,
878 3159 990 3224 venire
1005 3151 1194 3225 nullatenus
1209 3159 1383 3246 oportebit.

331 3267 376 3331 Et
399 3265 478 3351 quia
500 3266 536 3330 in
558 3268 628 3329 tam
651 3262 763 3328 arduis
784 3261 937 3348 negotiis,
952 3281 1012 3326 nos
1035 3265 1069 3326 09
1092 3265 1217 3326 statum
1231 3261 1384 3328 Ecclesiae

332 3367 441 3436 Sacrae
457 3387 494 3435 ac
510 3388 636 3434 coronae
650 3369 781 3444 nostrae,
799 3362 1023 3449 tangentibus,
1038 3383 1106 3426 non
1120 3363 1227 3428 solum
1241 3362 1385 3430 consiliis

334 3469 496 3536 tenemini
525 3468 621 3534 nobis
652 3467 813 3543 assistere,
836 3465 893 3529 sed
927 3464 1028 3529 etiam
1050 3462 1177 3528 debetis
1207 3463 1385 3530 extendere

330 3594 448 3640 manua
484 3571 671 3658 adjutrices,
702 3570 887 3655 opportuna
919 3564 1046 3631 auxilia
1082 3563 1230 3630 faciendo
1241 3589 1250 3645 ;
1289 3564 1384 3632 vobis

205 3671 209 3678 '
333 3675 536 3752 mandamus,
560 3673 596 3736 in
619 3670 684 3735 fido
707 3674 741 3736 09
764 3667 940 3733 dilectione
963 3665 1082 3752 quibus
1098 3665 1192 3732 nobis
1214 3667 1383 3752 tenemini,

332 3775 472 3842 firmiter
502 3774 722 3860 injungentes,
745 3770 841 3857 quud,
865 3768 1016 3835 omnibus
1047 3767 1121 3833 aliis
1143 3769 1381 3855 praetermissis,

332 3878 405 3943 sitis
442 3877 478 3940 in
517 3875 651 3962 propria
683 3893 822 3959 persona
853 3875 965 3937 vestra
995 3869 1084 3957 apud
1118 3861 1310 3952 Eboracum,
1343 3873 1382 3938 in

331 3979 473 4047 crastino
497 3977 628 4045 Sanctae
658 3974 832 4042 Trinitatis
853 3973 1009 4061 proximo-
1025 3971 1145 4054 futuro,
1169 3993 1278 4039 coram
1300 3973 1380 4039 fide-

330 4083 417 4148 libus
448 4079 569 4148 nustris
599 4080 640 4146 ad
664 4079 725 4144 hoc
756 4075 961 4163 deputandis,
984 4075 1027 4140 ad
1060 4075 1270 4140 tractandum
1303 4095 1379 4142 cum

330 4185 461 4266 eisdem,
485 4189 616 4250 etcum
639 4180 784 4270 praelatis
814 4176 991 4265 provinciae
1014 4175 1235 4258 Eboraoenais‚
1258 4176 1379 4265 quibus

331 4310 427 4374 super
449 4289 511 4352 hoo
533 4284 686 4351 similiter
708 4280 900 4360 scribimus„
914 4298 1011 4365 super
1033 4277 1233 4364 competenti
1256 4279 1379 4345 auxilio

330 4390 427 4457 nobis
459 4386 687 4477 impendendo,
711 4407 753 4450 ex
784 4383 890 4450 causis
927 4379 1104 4467 praedictis,
1139 4402 1199 4469 pro
1231 4381 1378 4448 utilitate

333 4492 382 4557 rei
413 4489 622 4578 publicasset
654 4491 745 4554 09090
778 4483 920 4551 ecclesiae
953 4481 1131 4548 relevando
1165 4505 1185 4547 a
1219 4484 1379 4551 servitute

334 4594 512 4681 praedicta3
535 4594 633 4678 prout
654 4589 692 4654 in
723 4587 872 4675 proximo
894 4584 1113 4672 parliamento
1146 4587 1267 4668 nostro,
1290 4587 1379 4674 apud
1440 4611 1510 4658 aras

332 4693 659 4765 Westmonasterium
690 4689 814 4770 habito,
835 4690 877 4756 de
908 4687 1095 4775 hujusmodi
1126 4688 1252 4757 auxilio
1282 4689 1378 4758 nobis
