3530 5708
416 798 480 860 818
601 802 796 854 amaram
818 799 1021 850 Pitumnum
1043 794 1285 848 commea.
1383 813 1386 818 ·

266 1011 322 1057 aD·
330 1011 389 1054 1³1⁶·
415 995 511 1062 nobis
533 997 643 1081 portes
665 995 842 1079 praesentes
865 990 1160 1075 praesentaverunt,
1183 985 1237 1068 cui
1260 1003 1373 1049 earum
1387 1001 1459 1066 per·
1473 987 1640 1042 tultum·

418 1099 523 1164 tinere
553 1095 594 1161 de
621 1093 698 1180 jure
720 1093 863 1158 debeant
895 1089 1066 1168 ostensuri,
1088 1087 1184 1152 nobis
1216 1084 1298 1171 quid
1331 1084 1369 1148 in
1402 1081 1464 1146 hac

418 1203 512 1287 parte
545 1195 695 1277 feceritis,
719 1216 793 1262 cum
815 1193 893 1258 inde
922 1191 1051 1257 fireiitia
1074 1187 1233 1275 requisiti,
1256 1184 1386 1273 plenius
1415 1203 1464 1248 re-

419 1301 579 1368 scribatis.
624 1297 749 1363 Valete.
793 1295 920 1360 Datum
960 1293 1048 1379 apud
1086 1288 1243 1376 Rychale,
1281 1284 1465 1375 primodie

421 1401 574 1489 Augusti,
596 1397 847 1468 consecrationis
868 1399 991 1462 nostrae
1013 1413 1101 1460 anno
1125 1395 1227 1458 sexto.

254 1606 313 1700 {ppo
350 1616 395 1709 ἔξω
422 1665 661 1719 Memorendum.-
740 1597 836 1678 Quod
858 1595 959 1662 tertio
974 1596 1027 1661 die
1042 1593 1196 1681 Augusti,
1212 1588 1468 1678 apudRychale,

254 1705 398 1808 {pplffil
694 1719 783 1764 anno
828 1697 965 1763 Domini
1012 1695 1186 1760 millesimo
1235 1690 1311 1761 ccc⁰.
1355 1695 1464 1758 saxto-

254 1806 389 1900 {3333OE
424 1800 555 1885 decimo,
593 1801 752 1870 concessit
789 1800 942 1866 dominus
978 1798 1024 1864 xl.
1054 1798 1124 1863 dies
1145 1794 1378 1882 'indulgentia
1411 1813 1471 1880 pro

253 1907 354 2009 ἓξὲξ
424 1902 536 1968 anima
574 1902 730 1982 Matildis,
769 1902 935 1988 quondam
971 1899 1133 1966 consortis
1169 1897 1305 1963 Thomas
1353 1895 1471 1982 Gegge,
1516 1965 1521 1972 ,

425 2005 517 2091 eujus
539 2027 654 2092 corpus
668 2006 705 2070 in
727 2004 855 2092 porticu
871 2003 1013 2069 ecclesiae
1028 2000 1144 2067 Sancti
1159 2001 1301 2064 Andreae
1324 1998 1365 2063 de
1381 1997 1468 2062 Fau·

424 2109 553 2187 keham,
575 2107 727 2173 Roianus
757 2105 914 2183 dioecesis,
936 2103 1163 2172 ecclesiasticae
1186 2101 1331 2169 traditur
1363 2100 1471 2186 sepul·
1541 2193 1545 2201 φ

424 2215 518 2293 turre,
540 2215 574 2278 et
596 2232 656 2296 pro
678 2208 850 2275 animabus
873 2212 933 2274 etc.

426 2445 547 2498 PM„
568 2447 710 2498 emmena
787 2412 866 2494 Nos,
900 2411 1070 2490 Ricardus,
1100 2409 1311 2498 permissione
1348 2407 1471 2486 divina,

426 2513 551 2564 Johannu
563 2513 709 2579 deotreby.
742 2513 976 2581 Dunolmeusis
991 2511 1169 2598 episeopus,
1181 2510 1368 2597 probationi
1389 2531 1473 2596 prse-

426 2613 527 2678 sentis
542 2615 734 2680 testamenti
749 2637 857 2683 coram
870 2613 1050 2680 venerabili
1065 2620 1159 2700 patre
1174 2613 1306 2679 domino
1317 2611 1472 2694 Waltero,

346 2723 352 2738 '
426 2713 490 2778 Dei
519 2714 634 2800 gratia,
673 2716 914 2803 archiepiscopo
940 2716 1179 2796 Cantuauensi,
1210 2715 1315 2780 totius
1344 2713 1474 2800 Angliae

426 2815 575 2900 primate,
598 2815 731 2900 habitae,
755 2839 864 2884 eoram
885 2817 982 2883 nobis
1003 2817 1171 2898 exhibitae,
1189 2816 1288 2882 fidem
1312 2817 1349 2881 in
1370 2817 1475 2881 forma

427 2917 682 2984 Constitutionis
698 2920 825 3006 Legati,
840 2940 938 3005 super
952 2919 1013 2986 hoc
1028 2919 1135 2996 editae,
1151 2917 1355 3001 adhibentes,
1370 2917 1475 2984 domi·

425 3019 478 3084 nis
501 3019 635 3086 Thomae
658 3018 904 3107 Goldesburgh’,
920 3021 1148 3088 archidiacono
1169 3019 1394 3098 Dunolmfflsi,
1409 3020 1475 3084 Ro·

427 3119 521 3186 berto
543 3119 585 3187 de
607 3120 840 3209 Benigworth’,
863 3124 983 3190 rectori
1015 3123 1158 3190 ecclesiae
1189 3122 1230 3188 de
1256 3121 1476 3208 Wolingm

428 3222 665 3294 Lincolniensis
687 3224 845 3306 dioecesis,
867 3224 1068 3303 absentibus,
1091 3225 1128 3290 in
1152 3243 1291 3310 persona
1320 3223 1472 3310 magistri

428 3324 572 3390 Simonis
588 3326 629 3391 de
652 3325 790 3412 Omeby,
806 3327 923 3404 clerici,
945 3326 1165 3414 procuratoris
1186 3326 1239 3392 sui
1260 3326 1305 3392 ad
1319 3325 1379 3391 hoc
1393 3325 1473 3411 lagi-

429 3425 511 3492 time
543 3427 729 3509 constituti,
764 3433 798 3494 et
830 3429 936 3494 eidem
970 3450 1084 3494 eormn
1115 3427 1256 3507 nomine,
1279 3449 1317 3493 ac
1342 3427 1477 3518 insuper

429 3528 535 3594 eidem
558 3529 717 3616 magistro
749 3530 888 3616 Symoni
922 3542 955 3597 et
976 3530 1141 3597 Willelmo
1174 3531 1216 3595 de
1247 3529 1386 3615 Haneye
1417 3549 1477 3616 pro

429 3631 544 3717 seipsis
578 3631 793 3716 personaliter
827 3632 1099 3719 comparentibus,
1130 3637 1164 3697 et
1195 3631 1366 3718 privilegio
1403 3630 1478 3710 fori,

429 3732 562 3796 nomine
597 3753 662 3818 quo
697 3755 806 3820 supra,
837 3734 1117 3812 renunciantibus,
1156 3731 1478 3800 administrationem

430 3833 578 3898 omnium
599 3833 759 3900 bonorum
783 3834 865 3900 dicti
888 3836 1042 3913 defuncti,
1059 3837 1095 3902 iu
1110 3835 1244 3902 dioecesi
1265 3839 1381 3901 nostra
1393 3833 1480 3900 exis-

431 3935 582 4015 tentium,
598 3937 748 4021 praestito
771 3937 862 4024 priua
884 3937 927 4003 ab
949 3937 1071 4004 eisdem
1087 3936 1263 4017 Willelmo,
1284 3959 1344 4025 pro
1366 3937 1479 4024 seipse,

432 4041 466 4100 et
487 4035 532 4101 e¹
554 4038 711 4124 magistro
735 4037 869 4104 Simone
891 4061 951 4127 pro
974 4060 1019 4118 se,
1045 4044 1081 4106 et
1107 4039 1274 4127 praedietis
1297 4039 1425 4106 Thema
1446 4043 1481 4104 et

317 4169 320 4176 ·
432 4135 586 4216 Roberto,
603 4138 705 4224 juxta
735 4145 933 4226 potestatem
967 4142 1032 4208 sibi
1052 4141 1090 4206 in
1112 4141 1174 4208 hac
1196 4146 1291 4228 parte
1312 4141 1480 4220 traditam,

426 4237 615 4322 juramento
637 4241 679 4307 de
701 4242 792 4308 fideli
813 4243 1002 4310 inventario
1025 4243 1173 4310 fouendo
1200 4247 1234 4310 et
1256 4243 1401 4310 fideliter
1422 4242 1480 4308 ad·

431 4341 658 4423 ministrando,
682 4365 719 4407 ac
741 4344 832 4410 fideli
856 4349 1007 4432 compoto
1029 4344 1204 4423 reddendo
1225 4346 1382 4411 duximus
1405 4365 1484 4410 oon·

306 4473 308 4480 ·
431 4441 617 4508 cedendam.
665 4444 721 4510 Ita
743 4452 864 4526 tamen,
881 4448 970 4534 quod
991 4447 1073 4512 alios
1095 4452 1322 4514 coexecutorcs
1344 4467 1429 4528 suos,
1445 4447 1482 4510 in

612 4589 817 4600 *Gna-Q*

859 4669 868 4701 ²
885 4671 915 4734 a]
930 4685 961 4722 ac
971 4671 998 4722 lu
1010 4671 1066 4724 MS.
