3566 5712
529 817 727 868 seorsramr
750 817 952 868 retrusum
974 819 1214 872 cuumunusr.
1315 809 1401 873 1029

181 1011 337 1065 cumpace.
350 1007 454 1094 gistro
488 1007 632 1072 Roberto
663 1007 702 1072 de
733 1007 869 1072 Baldok’
900 1008 941 1072 dc
971 1009 1132 1074 comitatu
1163 1009 1401 1090 Middlesexiae,
1430 1034 1554 1078 aurare

350 1109 621 1175 coexecutoribus
650 1109 840 1174 testamenti
876 1109 1026 1195 praedicti
1053 1111 1205 1198 magistri
1235 1111 1401 1188 Willelmi,

352 1210 580 1297 qui,‚eundem
605 1210 692 1274 diem
719 1209 852 1288 habent,
877 1212 917 1276 de
947 1212 1030 1298 xliij.
1044 1213 1089 1290 at,
1116 1235 1191 1298 quae
1220 1213 1315 1279 nobis
1346 1213 1402 1278 de-

352 1311 473 1376 bentur
510 1313 550 1376 de
588 1311 721 1377 eeclesia
756 1313 922 1398 praedicta,
953 1314 994 1379 de
1031 1314 1178 1379 subsidio
1216 1315 1403 1380 medietatis

353 1413 486 1478 domino
510 1413 682 1491 Eduardo,
700 1415 866 1498 quondam
881 1415 951 1501 regi
974 1414 1113 1502 Angliae,
1130 1416 1217 1502 patri
1233 1421 1356 1495 nostro,
1382 1437 1402 1480 a

352 1515 436 1580 olero
466 1515 501 1579 in
525 1515 715 1600 episcopatu
744 1515 909 1600 praedicto,
933 1538 1020 1582 anno
1042 1518 1134 1604 regni
1165 1517 1268 1604 ipsius
1298 1518 1402 1603 patris

353 1615 458 1680 nostri
491 1617 601 1702 xxiijo.
626 1637 784 1694 concesse,
808 1621 842 1682 et
865 1617 1057 1703 praedictam
1081 1619 1250 1684 ecclesiam
1273 1618 1399 1684 eontin-

351 1722 458 1804 gente,
487 1719 528 1783 de
558 1724 704 1806 tempore
735 1740 799 1803 quo
826 1719 914 1784 idem
945 1720 1101 1807 magister
1122 1721 1307 1787 Willelmus
1337 1721 1403 1787 suit

352 1841 489 1906 persona
520 1820 663 1885 ecclesiae
686 1820 861 1905 praedictae,
886 1825 920 1885 et
952 1821 1134 1908 dequibus
1160 1823 1262 1888 iidem
1285 1845 1402 1888 execu-

352 1927 440 1985 tores
454 1921 649 2007 praedictum
666 1921 873 2008 Stephanum
896 1923 1083 2008 acquietare
1099 1923 1230 2003 debent,
1245 1929 1285 1990 ut
1307 1925 1399 2007 dicit,

353 2023 438 2088 sicut
460 2023 703 2089 rationabiliter
724 2029 905 2088 monstrare
928 2025 1059 2110 poterit,
1084 2027 1171 2110 quod
1194 2026 1302 2112 ipsum
1325 2027 1402 2090 inde

353 2127 540 2211 requietem
563 2125 694 2192 debent.
738 2126 783 2189 Et
807 2125 950 2202 interim,
967 2125 1163 2190 demandam
1178 2147 1277 2211 quam
1294 2126 1401 2192 facitis

354 2228 512 2314 praedicto
539 2226 716 2312 Stephane,
746 2249 805 2313 pro
842 2226 1009 2312 praedictis
1040 2227 1121 2312 xliij.
1135 2227 1180 2308 lt,
1210 2228 1343 2314 ponatis
1366 2228 1402 2294 in

355 2335 539 2414 respectum
576 2350 680 2414 usque
708 2328 751 2393 ad
790 2329 879 2393 diem
916 2328 1163 2415 supradictum
1208 2335 1242 2395 et
1272 2351 1402 2415 seques·

355 2435 454 2508 trum,
484 2430 513 2494 si
542 2429 630 2514 quod
660 2430 695 2492 in
725 2429 821 2494 bonis
846 2429 1071 2496 ecclesiasticis
1101 2431 1204 2518 ipsius
1234 2430 1404 2517 Stephani,

355 2554 394 2597 ea
427 2532 593 2598 occasione
626 2531 746 2618 apponi
780 2532 931 2609 feceritis,
969 2533 1039 2598 sine
1077 2533 1235 2599 dilatione
1272 2533 1404 2598 restitui

355 2634 483 2699 faciatis
521 2635 626 2699 eidem
638 2659 646 2714 ;
692 2641 727 2699 et
763 2633 943 2699 remittatis
984 2634 1040 2712 ibi,
1078 2657 1136 2722 per
1179 2635 1323 2720 aliquem
1361 2635 1402 2699 de

355 2736 482 2813 vestris,
512 2742 592 2802 tunc
626 2735 687 2800 hoo
720 2737 827 2800 breve.
876 2735 981 2814 Teste,
1015 2737 1047 2802 J.
1082 2737 1124 2801 de
1163 2737 1275 2818 Foxle‚
1314 2736 1403 2823 apud

355 2838 690 2916 westmonasterium,
720 2839 765 2904 v⁰.
791 2837 844 2902 die
875 2838 1036 2915 Octobris,
1059 2861 1145 2904 anno
1176 2839 1269 2926 regni
1298 2839 1403 2904 nostri

244 2969 248 2976 ·
354 2945 477 3006 octavo.

598 3145 811 3229 Injunximus
845 3145 1001 3230 magistro
1034 3145 1209 3230 Radulpho
1243 3146 1284 3209 de
1322 3146 1405 3211 Hol·
1418 3172 1509 3216 aarum
1519 3173 1547 3216 to*

236 3255 240 3266 ,
354 3211 501 3263 Returnum.
637 3247 645 3274 ‚
744 3247 750 3260 .
1256 3247 1262 3261 ·
1322 3248 1329 3262 ·
1379 3249 1386 3262 ·
1418 3223 1524 3267 theiore·

554 3246 653 3325 bech,
676 3246 800 3323 clenco,
830 3247 893 3312 sub
925 3268 1024 3332 poena
1058 3253 1405 3313 excommumoatronrs
1417 3273 1486 3326 gone
1494 3273 1554 3316 aaa

355 3346 488 3431 majoris
511 3348 546 3411 in
569 3367 740 3433 personam
764 3370 856 3413 suam
886 3349 971 3426 latae,
994 3348 1083 3432 quod
1112 3349 1156 3412 sit
1179 3369 1287 3412 coram
1310 3349 1406 3414 vobis

356 3449 397 3512 ad
420 3448 508 3512 diem
531 3454 566 3513 et
587 3449 694 3514 locum
718 3450 753 3513 in
776 3450 869 3514 brevi
892 3454 1070 3526 contentos,
1095 3455 1137 3528 et,
1162 3449 1204 3513 ad
1227 3449 1262 3513 id
1285 3454 1344 3515 etc,

355 3657 621 3708 Breveadlerandum
699 3651 890 3731 Edwardus,
922 3651 984 3715 Dei
1031 3651 1146 3737 gratia,
1176 3671 1236 3716 rex
1266 3651 1405 3739 Angliae,
1419 3677 1556 3772 'l‘hetlpouffip³

356 3722 621 3855 ggf'gpffiffi
654 3754 807 3819 dominus
839 3752 1019 3832 nehemia,
1051 3754 1184 3819 sedux
1206 3728 1542 3840 squamatim

355 3863 528 3920 sequestratae.
654 3855 835 3921 venerabili
877 3855 913 3918 in
953 3854 1085 3922 Christo
1123 3856 1218 3942 patri,
1258 3829 1561 3933 Ricardoffiii-..Wat

355 3957 468 4022 eadem
505 3958 621 4044 gratia,
653 3958 868 4023 Dunolmensi
898 3959 1055 4045 episcopo,
1077 3958 1223 4023 salutem.
1272 3957 1409 4023 Manda-
1420 3929 1550 4048 iiiiiiup

355 4081 428 4124 mus
457 4061 560 4138 vobis,
585 4061 671 4126 sicut
701 4060 824 4146 pluries
846 4061 939 4125 vobis
973 4061 1210 4138 mandavimus,
1250 4059 1337 4146 quod
1368 4032 1558 4132 deiiiriuffl

354 4163 419 4226 illis
453 4162 547 4228 bonis
577 4162 800 4228 ecclesiasticis
823 4161 957 4226 Thomae
991 4162 1032 4226 da
1066 4161 1308 4248 Goldesburgh’,
1336 4183 1410 4246 quae

355 4285 470 4350 nuper,
499 4264 541 4329 ad
568 4265 760 4330 mandatum
784 4269 943 4339 nostrum,
966 4264 1001 4326 in
1025 4283 1157 4327 manum
1192 4269 1338 4328 nostram
1361 4285 1410 4328 se-

297 4369 298 4374 ’
357 4367 556 4450 questrastis,
572 4367 615 4430 ad
638 4365 818 4431 valentiam
840 4387 872 4429 x.
885 4363 930 4440 la,
954 4369 988 4428 et
1010 4385 1083 4449 quae
1106 4364 1212 4429 adhuc
1236 4386 1335 4450 penes
1350 4387 1409 4430 vos

357 4468 494 4548 habetis,
521 4473 618 4552 prout
632 4467 727 4532 nobis
740 4471 871 4532 constat
893 4487 951 4552 per
973 4471 1144 4530 rotumum
1167 4472 1322 4545 vestrum,
1337 4466 1410 4531 fieri

356 4569 484 4635 faciatis
505 4569 686 4655 praedictas,
706 4590 736 4633 n
752 4567 788 4634 li.
803 4589 885 4653 quas
907 4567 1005 4632 debet
1027 4567 1201 4633 carissimae
1215 4569 1314 4635 matri
1337 4591 1412 4634 nos·

356 4678 425 4748 trae,
444 4671 646 4757 Margaretac,
663 4671 785 4758 reginae
800 4669 942 4756 Angliae,
957 4670 998 4734 de
1013 4691 1092 4735 auro
1107 4693 1165 4735 suo
1189 4672 1229 4736 de
1244 4672 1309 4738 fine
1324 4695 1349 4738 c.
1362 4671 1411 4753 a,

1529 3841 1544 3872 0
