3524 5716
430 839 629 891 arersramr
650 837 852 892 rlaarrnmr
875 841 1117 894 nunnaumrsn.
1212 831 1295 906 1251

83 1033 126 1076 An·
136 1023 245 1084 Briso-³5
254 1021 368 1102 dietas,
385 1026 421 1090 in
436 1049 494 1092 suo
519 1011 667 1114 sapateli,
682 1028 771 1093 omni
793 1034 941 1115 tempore
957 1030 1046 1106 anni,
1062 1030 1133 1096 sine
1148 1030 1302 1118 reclama-
1335 1043 1455 1088 anna.

253 1127 345 1193 tione
367 1149 478 1194 eorum
505 1136 566 1195 aut
589 1131 756 1196 haeredum
781 1153 924 1211 suorum,
947 1132 984 1195 in
1006 1139 1210 1219 pensetuum.
1257 1132 1302 1194 Et

253 1235 422 1317 praeterea,
462 1230 629 1302 Galfridus
659 1232 748 1318 prior
797 1232 1040 1311 Dunolmensis,
1081 1233 1222 1300 Thomas
1259 1233 1301 1299 de

254 1319 1303 1422 Goldesburgh',archidiaconusDunolmensis,proseetsueoes-

207 1501 209 1506 ,
253 1435 380 1500 soribus
403 1435 479 1513 suis,
495 1439 530 1500 et
546 1435 688 1502 Thomas
708 1437 806 1522 Pege,
830 1437 1016 1503 Willelmus
1046 1437 1087 1502 de
1110 1437 1299 1502 Hessewell'
1415 1423 1419 1430 ⁸

254 1538 295 1602 de
311 1537 430 1616 Scotia,
439 1560 498 1624 pro
513 1560 548 1604 se
562 1545 598 1604 et
612 1539 799 1606 haeredibus
809 1540 885 1617 suis,
894 1540 1092 1606 remiserunt
1101 1545 1136 1605 et
1150 1541 1301 1626 quietum

253 1639 438 1706 clamarunt
452 1641 611 1727 praedieto
626 1642 783 1728 episeopo,
799 1646 834 1707 et
849 1641 1086 1708 suceessoribus
1102 1642 1178 1720 suis,
1193 1646 1303 1707 tntum

249 1740 306 1826 jus
328 1748 363 1808 et
385 1743 545 1809 alameum
568 1744 657 1830 quod
686 1744 818 1823 habent,
843 1745 897 1810 vel
919 1745 1039 1811 habere
1061 1749 1230 1831 poterunt,
1260 1744 1303 1809 ad

254 1844 561 1911 eommunioandum
592 1867 667 1911 oum
697 1847 818 1912 averiis
848 1846 916 1911 suis
949 1847 986 1911 in
1017 1847 1184 1934 praedietis
1215 1845 1305 1910 villis

255 1947 296 2010 de
319 1945 492 2013 Shirburn’
508 1953 543 2013 et
566 1945 793 2039 Shaldeiord',·
808 1952 842 2013 et
864 1949 902 2012 in
923 1949 1091 2034 praedietis
1125 1949 1249 2034 viginti
1270 1952 1306 2012 et

256 2053 398 2134 quatuor
426 2049 509 2114 aeds
540 2065 641 2115 morae
663 2050 700 2113 in
723 2049 921 2128 Hessewell’,
943 2051 980 2114 in
1010 2054 1217 2137 perpetuum„
1261 2048 1307 2113 Et

256 2173 315 2238 pro
340 2153 405 2216 ista
432 2151 616 2232 donatione,
632 2151 795 2218 warentia
818 2159 854 2217 et
875 2151 1208 2238 quieta-clamatione,
1223 2173 1308 2238 prae·

257 2253 364 2320 dietus
388 2253 556 2340 episeopus
578 2253 707 2319 remisit
729 2258 764 2319 et
783 2254 934 2340 quietum
957 2254 1114 2319 clamavit
1136 2275 1194 2340 pro
1217 2275 1251 2318 se
1274 2257 1308 2318 et

257 2354 494 2422 successoribus
519 2356 595 2434 suis,
626 2356 794 2442 praediotis
820 2355 962 2433 Thomae,
989 2357 1107 2432 Luoiae,
1131 2355 1305 2432 Willelmo,

257 2457 423 2524 Willelmo
456 2462 491 2524 et
523 2457 707 2544 Radulpho,
740 2463 847 2524 totum
876 2458 933 2543 jus
965 2463 1000 2523 et
1029 2458 1190 2524 olameum
1221 2458 1310 2544 quod

257 2561 368 2638 habet,
383 2560 437 2625 vel
460 2560 580 2625 habero
595 2561 717 2647 poterit
739 2561 783 2626 ad
805 2560 1113 2626 communicandum
1136 2581 1210 2626 oum
1232 2582 1309 2626 ave-

259 2663 318 2726 riis
342 2663 410 2728 suis'
425 2667 460 2727 et
481 2662 656 2728 hominum
680 2683 814 2728 suorum
836 2663 877 2728 de
894 2662 1058 2727 Shirburn
1081 2668 1116 2728 et
1138 2662 1309 2741 Shaliord'‚

258 2765 294 2829 in
317 2765 484 2850 aliquibus
510 2764 607 2829 torris
630 2786 686 2829 seu
710 2765 855 2852 pasturis
885 2765 921 2829 in
943 2764 1023 2830 villa
1045 2764 1086 2830 de
1110 2763 1310 2842 Hessewell'‚

257 2868 294 2930 in
316 2873 534 2954 perpetuum3
556 2871 591 2932 et
623 2868 783 2934 consessit
816 2868 904 2954 quod
934 2867 1085 2954 praedioti
1108 2867 1250 2933 Thomas
1276 2873 1311 2932 et

258 2970 324 3051 alii,
357 2976 397 3036 ut
428 2992 535 3057 supra,
560 2975 594 3035 et
624 2991 735 3036 eorum
758 2971 913 3048 haeredes,
937 2970 1083 3036 habeant
1114 2976 1148 3035 et
1173 2975 1311 3036 teneant

260 3093 371 3139 omnes
403 3077 508 3138 terras
542 3078 577 3137 ot
607 3077 759 3159 pasturas
793 3094 868 3138 suas
902 3073 939 3137 in
970 3072 1130 3160 praediota
1157 3072 1238 3138 villa
1269 3072 1311 3136 de

261 3173 460 3255 Hessewell'‚
477 3175 513 3238 in
536 3195 595 3240 suo
618 3174 757 3260 separali
780 3173 870 3238 omni
892 3180 1038 3261 tempore
1060 3174 1141 3240 anni
1167 3175 1238 3239 sine
1260 3195 1311 3239 ra-

262 3276 459 3342 clamatione
483 3277 534 3341 sni
556 3276 611 3342 vel
631 3297 855 3342 «successorum
878 3297 1019 3354 suorum,
1050 3277 1086 3340 in
1108 3281 1313 3363 perpetuum.

262 3378 308 3444 Et
330 3385 496 3466 praeterea,
512 3379 660 3466 praedicti
684 3377 825 3444 Thomas
848 3378 969 3456 etalii,
992 3383 1162 3464 utsupra,
1185 3398 1313 3443 eonces-

263 3486 387 3560 serunt,
411 3504 470 3568 pro
495 3503 529 3546 se
553 3485 587 3546 et
610 3480 847 3547 successoribus
870 3480 947 3558 suis,
971 3479 1060 3564 quod
1090 3479 1119 3544 si
1141 3480 1313 3565 contingat

264 3585 304 3650 de
330 3590 447 3650 oaetero
478 3584 623 3670 aliquem
655 3587 823 3649 tenentem
855 3582 896 3647 de
926 3581 1117 3648 Hessewoll'
1138 3581 1313 3667 praedictas

251 3687 384 3772 -viginti
406 3692 441 3752 et
462 3691 604 3773 quatuor
626 3705 716 3751 acras
738 3705 849 3763 morae,
865 3683 918 3748 vel
939 3704 1146 3749 eommunam
1161 3688 1313 3769 pentuma,

262 3790 299 3852 in
313 3789 479 3875 praediotis
494 3789 583 3854 villis
598 3789 639 3853 do
654 3787 825 3853 Shirburn'
838 3790 873 3850 et
888 3785 1073 3851 Shaldford’
1089 3785 1199 3871 aliquo
1217 3786 1314 3850 modo

262 3891 441 3976 adquirere,
453 3890 508 3955 vel
523 3889 737 3980 disrationare
753 3887 929 3973 quominus
944 3887 1120 3974 praediotus
1135 3888 1313 3974 episcopus,

263 3993 317 4057 vel
343 4003 540 4060 successores
570 3992 630 4069 sui,
660 3991 833 4077 praedictas
856 3989 978 4077 viginti
1001 3994 1035 4055 et
1058 3994 1203 4076 quatuor
1224 4011 1315 4054 aeras

252 4085 372 4177 morae,
389 4100 423 4160 et
436 4099 540 4160 terras
549 4099 584 4159 ot
598 4099 749 4180 pasturas
759 4113 834 4159 suas
843 4092 1075 4180 praedictatam
1090 4113 1149 4156 suo
1165 4090 1313 4178 separali,

266 4198 352 4264 sicut
374 4197 569 4284 praedictum
596 4201 653 4273 est,
675 4196 794 4260 habere
824 4199 990 4281 poterunt,
1020 4199 1055 4259 et
1080 4198 1201 4272 tenere,
1224 4191 1314 4279 quod

235 4347 242 4361 ,
263 4301 348 4366 bene
362 4300 461 4366 liceat
481 4299 639 4385 praedioto
661 4297 810 4384 episcopo
833 4304 869 4362 et
891 4295 1137 4374 suecessoribus,
1152 4301 1187 4360 et
1208 4294 1314 4360 homi·

264 4403 362 4469 nibus
387 4403 454 4468 suis
477 4403 518 4468 de
541 4399 714 4468 Shirbum'
738 4404 773 4464 et
795 4398 990 4481 Shaldford',
1006 4398 1049 4464 ad
1071 4397 1314 4464 communican-

265 4505 345 4570 dum
374 4504 516 4569 ubilibet
545 4524 620 4569 oum
647 4502 798 4568 omnibus
830 4502 951 4567 averiis
985 4501 1053 4565 suis
1087 4500 1122 4564 in
1155 4499 1316 4586 praedicta

264 4607 346 4672 villa
360 4606 401 4672 de
417 4605 615 4684 Hessewell’,
631 4605 689 4670 ubi
709 4605 948 4670 communicare
963 4603 1112 4668 solebant
1134 4601 1317 4667 antediem

265 4707 478 4776 confectionis
510 4707 730 4794 praesentium.
777 4707 821 4771 Et
846 4704 904 4792 [si]
931 4705 1113 4770 decaetero
1146 4702 1319 4788 contingat

1083 4808 1187 4871 002
