3524 5716
376 881 381 896 .
441 799 527 862 1224
626 810 822 861 nsmsrnmr
845 811 1049 864 rsusrrnou
1071 811 1312 866 nuusmmsn

288 1010 409 1057 nnius
438 998 618 1084 dulgentiae
640 1020 699 1084 per
720 999 941 1064 venerabilem
963 1006 1090 1084 patrem
1118 1002 1152 1062 et
1174 997 1355 1074 dominum,
1378 996 1661 1064 sicar-instas

438 1101 527 1177 dum,
551 1099 615 1165 Dei
646 1102 764 1186 gratia,
798 1101 1058 1167 Dunolmensem
1089 1100 1287 1186 episcopum,
1310 1120 1408 1185 super
1440 1099 1491 1162 vi·

439 1203 527 1268 cerie
549 1202 652 1288 ipsius
682 1202 824 1269 eeclesiae
854 1202 1060 1288 parochialis,
1083 1223 1142 1286 per
1169 1223 1274 1264 unum
1296 1201 1491 1266 canonicum

438 1303 620 1388 regularem
643 1305 786 1388 regenda
809 1308 976 1389 perpetuo,
1001 1303 1095 1367 nobis
1118 1323 1288 1381 concessae,
1312 1323 1350 1368 sc
1372 1323 1489 1388 oppro-

439 1405 612 1490 priationis
644 1405 789 1491 ipserum
822 1405 964 1472 ecclesiae
996 1410 1030 1470 et
1061 1404 1203 1484 vicar-ise,
1228 1404 1333 1469 teneri
1367 1409 1402 1468 et
1432 1404 1488 1468 fir·

438 1506 537 1571 miter
560 1505 698 1592 obligari
721 1507 819 1572 dictae
851 1507 993 1572 ecclesiae
1026 1505 1251 1581 Dunolmensi,
1274 1511 1308 1570 et
1338 1506 1488 1592 episcopo

440 1607 655 1673 Dunolmensi
679 1610 736 1694 qui
752 1632 817 1695 pro
840 1616 986 1696 tempore
1000 1608 1110 1686 fuerit,
1126 1609 1162 1673 in
1177 1607 1346 1672 duodecim
1372 1608 1489 1672 mercis

438 1711 577 1794 argenti,
601 1711 643 1774 ad
674 1711 871 1776 scaccarium
904 1711 1126 1775 Dunolmense
1148 1710 1245 1775 annis
1275 1709 1423 1795 singulis,
1447 1710 1488 1772 de

437 1812 599 1877 fructibus
630 1819 665 1877 ct
700 1812 915 1899 proventibus
950 1812 1155 1877 ecclesiarum
1180 1834 1262 1897 quas
1292 1812 1329 1875 in
1355 1811 1487 1876 dioecesi
1594 1825 1596 1827 ·

437 1913 651 1979 Dunelmensi
675 1913 871 1993 obtinemus,
902 1914 945 1979 cd
977 1913 1062 1978 festu
1084 1914 1293 1979 Pentecostes
1316 1919 1351 1978 et
1373 1912 1488 1978 Sancti

437 2015 575 2079 Martini
597 2017 633 2079 in
657 2016 785 2092 Hieme,
801 2037 858 2101 per
881 2015 1048 2100 portiones
1071 2015 1212 2100 aequales
1234 2021 1392 2100 perpetuo
1415 2037 1487 2101 per-

436 2118 608 2184 solvendis.
654 2119 709 2182 Ad
732 2139 830 2204 quam
857 2118 990 2204 quidem
1020 2118 1219 2184 solutionem
1242 2118 1339 2184 dictis
1361 2118 1431 2184 loco
1453 2125 1488 2182 st

438 2220 586 2284 terminis
609 2220 760 2299 fideliter,
777 2220 874 2284 ennis
901 2219 1049 2306 singulis,
1064 2227 1103 2285 ut
1117 2221 1343 2306 praemittitur,
1366 2220 1487 2286 facien·

436 2320 521 2397 dum,
552 2321 734 2406 obligemus
765 2343 824 2386 nos
857 2325 892 2385 et
914 2342 1112 2387 successores
1139 2327 1276 2400 nostros,
1304 2321 1485 2388 ecclesiam-

435 2443 498 2506 que
521 2433 666 2486 nostram
691 2421 940 2501 Kerliolensem,
963 2427 998 2488 et
1020 2423 1171 2488 ecclesias
1194 2429 1321 2489 nostres
1344 2424 1381 2487 in
1404 2423 1486 2488 dioe·

321 2571 327 2584 .
374 2573 379 2584 .
435 2523 499 2587 cesi
524 2523 739 2588 Dunolmensi
763 2523 949 2602 existentes,
971 2546 1009 2589 ec
1035 2525 1123 2590 bons
1144 2531 1267 2604 nostre,
1295 2525 1429 2590 mobilis
1451 2530 1486 2589 et

434 2624 625 2702 immobilia,
647 2625 833 2711 ubicunque
856 2627 1002 2704 inventa,
1026 2626 1186 2692 coercioni
1217 2631 1252 2692 et
1284 2626 1485 2692 districtioni

435 2726 515 2791 dieti
537 2727 651 2812 petris,
669 2733 702 2791 et
717 2727 939 2813 cujuscunque
957 2727 1078 2812 judicis
1101 2728 1238 2792 ulterius
1259 2729 1485 2814 competentis

434 2827 476 2890 In
499 2827 591 2911 cujus
616 2829 663 2892 rei
686 2828 923 2906 testimonium,
939 2829 1085 2915 sigillum
1108 2830 1246 2916 capituli
1268 2831 1374 2895 nostri
1399 2852 1485 2914 com-

432 2949 532 2992 mune
555 2929 771 3012 praesentibus
793 2929 900 2994 literis
930 2935 981 2994 est
1002 2951 1191 3018 appensum.
1248 2933 1372 2996 Datum
1396 2932 1484 2996 Kar-

431 3028 510 3106 lioli,
534 3029 589 3093 die
613 3029 940 3097 Commemorationis
972 3031 1086 3097 Sancti
1109 3033 1215 3113 Pauli,
1247 3054 1333 3098 anno
1358 3034 1484 3100 Gretiae

432 3130 605 3195 millesimo
628 3133 855 3197 trecentesimo
879 3133 1113 3199 tertiodecimo.

264 3354 379 3416 onntsy
433 3363 509 3414 cm,
524 3365 651 3416 Lambere
666 3368 697 3416 d,
776 3333 889 3400 Sciant
914 3341 1088 3420 proesentes
1111 3340 1145 3400 et
1164 3336 1279 3418 futuri,
1303 3340 1391 3423 quod
1412 3361 1481 3418 nos,

263 3405 407 3546 {illitis
432 3431 638 3496 Thrykyngham.
732 3433 902 3513 Ricardus
936 3437 1147 3521 permissione
1191 3439 1315 3516 divina,
1354 3441 1481 3507 Dunol-

263 3505 388 3648 ἑξζέᾗ,
431 3531 552 3594 mensis
574 3533 752 3619 episcopus,
769 3535 927 3614 dedimus,
942 3539 1166 3617 concessimus,
1183 3545 1219 3606 et
1241 3541 1303 3608 heo
1325 3546 1480 3628 pressenti

262 3655 354 3747 ppgpor
364 3655 413 3759 ἐξ
431 3639 523 3697 carte
556 3641 668 3699 nostre
697 3637 970 3716 confirmavimus,
995 3639 1115 3706 dilecto
1149 3643 1244 3709 nobis
1278 3643 1315 3710 in
1338 3645 1480 3723 Christo,

263 3755 422 3848 ffipffiffl
433 3733 607 3798 Lamberto
624 3735 665 3800 de
679 3736 949 3825 Thrykyngham,
966 3741 1123 3827 magistro
1141 3742 1326 3830 Hospitalis
1350 3744 1480 3818 Senotae

261 3838 384 3948 ‹lapppppnl
432 3835 546 3900 Murice
571 3836 773 3923 Magdulenae
804 3840 845 3905 de
876 3841 1055 3920 Shirburn',
1079 3866 1182 3909 unum
1204 3847 1423 3934 messuagium
1445 3856 1481 3914 et

262 3938 674 4048 pgpppepprepquinquaginta
695 3962 786 4006 seras
816 3949 919 4023 terrae,
944 3965 1017 4008 cum
1051 3946 1265 4028 pertinentiis,
1289 3949 1325 4014 in
1348 3949 1479 4016 Pleuss·

378 4018 400 4058 γ’
432 4038 558 4116 worth’,
583 4062 657 4124 quae
692 4049 851 4108 vocentur
875 4051 891 4078 “
904 4045 1095 4132 Steresley,”
1119 4055 1153 4113 et
1185 4071 1266 4133 ques
1289 4051 1404 4117 Simon
1437 4054 1478 4118 de

432 4140 594 4225 Ster'esley
621 4143 787 4225 quondam
820 4145 860 4210 de
894 4147 990 4210 nobis
1021 4150 1148 4228 tenuit3
1180 4157 1214 4215 et
1246 4153 1356 4218 decem
1386 4177 1476 4220 aeras

431 4241 517 4305 vasti
534 4243 647 4319 nostri,
663 4265 737 4308 oum
755 4248 971 4330 pertinentiis,
987 4251 1154 4334 praedictae
1170 4258 1266 4320 temes
1281 4255 1474 4339 adjacentes,

430 4363 503 4407 cum
528 4365 702 4409 commune
726 4353 877 4432 pesturae,
893 4354 927 4412 et
951 4350 1165 4435 aysiamentis
1188 4356 1229 4419 ad
1255 4357 1369 4436 villam
1392 4379 1474 4442 pree·

431 4444 553 4508 dictam
576 4447 827 4530 pertinentibus,
845 4455 881 4514 et
902 4449 1069 4518 housebot’
1086 4460 1120 4518 et
1135 4455 1280 4542 heybot’,
1296 4435 1644 4645 ph&
1751 4525 1752 4530 ,

428 4545 671 4611 forestariorum
704 4557 901 4630 nostrorum,
926 4575 983 4639 pro
1014 4559 1209 4622 tenementis
1244 4563 1421 4645 praedictis,
1445 4571 1483 4632 in
1646 4639 1660 4648 ‚
1673 4541 1752 4692 Δ

429 4646 533 4710 boscis
556 4649 678 4712 nostris
701 4650 736 4717 in
754 4653 863 4719 warda
878 4655 981 4720 Oestd
998 4658 1234 4745 percipiendis;
1256 4663 1358 4728 salvis
1372 4667 1478 4746 nobis,
