3506 5702
499 783 698 836 eremmon
720 782 924 835 elmnsuu
946 783 1187 835 nusmnmssn
1304 767 1368 838 749

151 979 308 1034 Mutat.
321 969 406 1036 tium
429 970 694 1057 subscriptorum,
722 971 876 1038 dominus
907 972 1076 1038 Gilbertus
1106 972 1148 1038 de
1171 969 1368 1059 Wyggeton'
1396 983 1520 1029 all-1³1⁵.

321 1073 466 1151 clericus,
481 1073 615 1138 dilectos
630 1072 694 1138 sibi
708 1073 745 1138 in
760 1072 903 1152 Christo,
920 1074 1104 1141 Rcbertum
1120 1075 1161 1138 de
1173 1072 1367 1158 Morisoeby,

322 1177 356 1240 et
378 1174 489 1240 David
512 1174 553 1239 de
575 1174 734 1260 Harrays,
758 1175 900 1258 clericos,
924 1182 959 1242 et
981 1176 1163 1262 quemlibet
1194 1196 1307 1242 eorum
1332 1174 1370 1239 in

322 1277 471 1355 solidum,
486 1298 562 1342 suos
576 1274 663 1355 fecit,
678 1277 853 1343 constituit
869 1282 904 1343 et
926 1277 1104 1358 ordinavit,
1120 1282 1367 1364 procmatores3

322 1379 403 1444 dans
425 1379 556 1456 eisdem,
572 1384 607 1444 et
633 1401 746 1444 eorum
769 1378 868 1444 elteri
890 1379 927 1444 in
949 1379 1091 1446 solidum
1105 1379 1237 1466 plenam
1260 1383 1368 1466 potes-

321 1487 432 1561 tatem,
454 1481 587 1546 nomine
617 1502 685 1559 suo,
708 1480 925 1568 quodcunque
955 1481 1149 1547 beneficium
1176 1481 1369 1547 ecclesiasti-

321 1606 403 1662 cum,
426 1604 500 1648 cum
524 1604 611 1665 cura,
634 1582 689 1648 vel
719 1582 790 1648 sine
820 1605 905 1661 cura,
927 1582 991 1648 sibi
1020 1584 1174 1648 canonice
1204 1581 1368 1657 collatum,

321 1708 378 1752 seu
411 1685 652 1763 conferendum,
675 1684 882 1764 admittendi,
908 1685 1154 1752 institutionem
1186 1690 1221 1750 ct
1252 1684 1368 1749 induc·

321 1789 444 1852 tionem
474 1787 610 1875 petendi
641 1791 676 1852 et
707 1787 894 1874 recipiendi,
917 1786 1085 1872 ipsiusque
1115 1785 1266 1853 beneficii
1298 1807 1369 1851 cor-

320 1890 463 1977 poralem
494 1889 730 1976 possessionem
752 1889 972 1970 nanciscendi,
996 1888 1184 1954 canonicam
1215 1887 1368 1953 obedien-

319 1993 402 2057 tiam
425 1991 673 2077 quibuscunque
703 1990 740 2054 in
770 1989 833 2055 hac
861 1995 957 2077 parte
984 1989 1158 2055 ordinariis
1180 1989 1370 2076 praestandi,

320 2093 423 2158 alium
453 2096 707 2178 procuratorem,
729 2091 801 2156 loco
831 2113 945 2156 eorum
982 2096 1018 2156 et
1050 2113 1160 2155 eorum
1185 2090 1368 2177 cujuslibet,

238 2179 248 2200 ’
319 2195 556 2272 substituendi,
582 2197 617 2258 et
638 2192 858 2258 substitutum
883 2192 1068 2270 revocandi,
1091 2191 1370 2278 procuratorisque

321 2296 464 2361 officium
486 2293 719 2372 reassumendi,
742 2294 894 2379 quotiens
916 2297 952 2358 et
974 2292 1105 2379 quando
1128 2293 1183 2371 eis,
1201 2298 1235 2358 et
1258 2313 1370 2358 eorum

323 2397 467 2475 cuilibet,
501 2396 668 2464 videbitur
697 2395 858 2482 expedire,
890 2399 925 2460 et
956 2396 1068 2461 omnia
1097 2395 1163 2460 alia
1184 2399 1219 2460 et
1240 2395 1371 2482 singula

322 2499 472 2577 faciendi,
487 2520 563 2584 quae
580 2499 617 2562 in
637 2496 814 2584 praemissis
831 2497 1012 2562 necessarie
1026 2497 1160 2576 fuerint,
1174 2498 1230 2563 vel
1252 2520 1370 2585 oppor-

321 2607 406 2667 tuna
418 2626 426 2682 3
448 2607 560 2666 ratum
581 2605 617 2665 et
637 2604 770 2686 gratum
800 2598 933 2678 hebens,
956 2603 993 2665 et
1016 2599 1199 2678 habiturus,
1221 2598 1284 2666 sub
1305 2601 1368 2686 hy-

320 2703 459 2790 potheca
480 2708 515 2768 ct
537 2701 737 2789 obligatione
761 2703 907 2767 omnium
930 2702 1090 2767 bonorum
1114 2724 1256 2784 suorum,
1280 2705 1369 2789 quic-

320 2805 401 2890 quid
423 2804 505 2870 dicti
526 2808 761 2892 procuratores,
784 2808 818 2870 et
850 2825 960 2870 eorum
994 2804 1144 2892 quilibet,
1167 2806 1369 2873 substitutus

321 2908 363 2972 eb
386 2906 516 2984 eisdem,
539 2913 573 2972 et
607 2927 718 2972 eorum
753 2907 911 2992 quolibet,
933 2907 970 2970 in
1003 2908 1180 2994 praemissis
1202 2909 1368 2986 duxerint,

321 3029 378 3074 seu
400 3008 543 3085 duxerit,
558 3007 752 3074 faciendum.
798 3007 885 3074 Acta
911 3009 1077 3088 Londinii,
1093 3009 1130 3074 in
1152 3010 1229 3076 aula
1242 3011 1368 3075 domini

321 3109 345 3174 J
347 3109 486 3174 ohannis
508 3109 549 3174 de
578 3107 1070 3190 Sandale,anno,1ndictione,
1103 3111 1157 3176 die
1189 3117 1223 3177 et
1254 3133 1366 3179 mense

320 3211 496 3298 praedictis.
543 3211 776 3290 Praesentibus,
799 3212 940 3276 dominis
962 3212 986 3277 J
988 3211 1117 3277 channe
1140 3212 1181 3278 de
1203 3213 1367 3298 Heydon’,

320 3313 446 3379 Thomu
467 3311 744 3398 ‹leFolquardby
766 3317 801 3379 et
830 3313 973 3379 Henrico
1004 3315 1045 3379 de
1069 3313 1285 3394 Skeldewell',
1308 3316 1370 3380 cle-

320 3417 405 3494 ricis,
435 3415 576 3480 testibus
613 3415 656 3479 ad
693 3415 754 3481 hoc
785 3415 911 3480 vocatis
933 3414 1127 3502 specialiter,
1166 3421 1199 3480 et
1236 3417 1368 3503 rogatis.

321 3517 366 3582 Et
400 3538 460 3605 ego
497 3516 667 3582 lohannes
709 3517 875 3602 quondam
907 3517 1071 3582 Johannis
1102 3516 1142 3582 de
1174 3516 1370 3583 Heselarton

320 3619 462 3698 clericus,
478 3618 694 3684 Eboracensis
709 3617 866 3697 dioecesis,
881 3617 1039 3704 publicus,
1058 3619 1236 3704 apostolica
1251 3624 1285 3684 et
1307 3620 1369 3684 im-

320 3721 436 3807 periali
459 3713 665 3798 auctoritate,
687 3721 845 3800 notarius,
867 3721 1051 3807 preemissiS,
1074 3727 1113 3786 ut
1141 3722 1367 3808 praemittitur,

321 3843 464 3908 presseris
486 3823 631 3904 interlui,
655 3844 757 3909 eaque
780 3824 827 3889 sic
856 3823 928 3889 lieri
950 3823 1021 3906 vidi
1051 3827 1087 3890 et
1108 3824 1231 3903 audivi,
1255 3825 1369 3910 scripsi

322 3927 357 3988 et
379 3923 552 4009 publicavi,
567 3930 601 3990 et
616 3927 652 3989 in
674 3925 759 3992 hanc
773 3925 938 4013 publicam
961 3926 1157 4011 scripturam
1172 3931 1207 3990 et
1228 3926 1369 3991 formam

321 4025 442 4112 redegi,
472 4047 608 4112 meoque
639 4028 732 4113 signo
764 4031 920 4094 consueto
952 4032 986 4093 et
1017 4027 1149 4092 nomine
1182 4027 1319 4112 signavi,
1349 4050 1369 4092 a

320 4126 460 4212 praefato
483 4126 616 4192 domino
639 4127 793 4194 Gilbertc'
811 4128 995 4215 specialiter
1017 4133 1159 4214 rogatus.

322 4373 430 4424 CM,
447 4370 587 4436 md„
664 4328 832 4411 Ricardus,
856 4329 1068 4415 permissione
1086 4329 1208 4413 divina,
1233 4335 1302 4409 etc,
1317 4329 1368 4395 di·
1380 4349 1526 4396 comesor

320 4439 544 4490 ommonoberto
554 4439 586 4488 de
619 4431 703 4498 lecto
725 4430 803 4509 filio,
832 4431 965 4496 domino
995 4431 1138 4498 Rcberto
1161 4433 1202 4497 de
1231 4433 1368 4520 Brcmp·
1353 4400 1505 4505 Mittit
1511 4455 1536 4497 ro

320 4505 475 4572 Brompton.
619 4540 687 4614 ton,
710 4534 835 4616 clerico,
858 4535 1006 4612 salutem,
1036 4535 1176 4622 gratiam
1206 4539 1242 4600 et
1271 4536 1367 4602 bene-
1378 4503 1529 4648 qshpppnu

321 4641 505 4708 dictionem.
561 4638 673 4705 Gratis
704 4636 772 4702 tuis
797 4636 924 4704 meritis
957 4642 992 4704 et
1014 4637 1177 4705 virtutum
1201 4604 1535 4726 suffragiisbrlie'lilis
