3566 5712
406 771 473 836 806
591 785 788 836 nncrsrnnn
811 783 1012 835 rrnsrrnun
1034 785 1275 835 susannense

255 988 312 1032 sn.
321 989 377 1032 rare.
409 966 433 1032 J
434 968 576 1033 ohannis
592 967 652 1032 filii
670 966 822 1046 Simonis,
839 967 879 1032 de
894 966 1114 1052 Baunburgh’,
1127 966 1171 1031 ad
1186 988 1299 1032 omnes
1314 966 1453 1045 ordines,
1467 983 1510 1026 sn.
1519 969 1588 1036 nnnc
1603 989 1624 1028 a

407 1073 466 1134 eto.
515 1069 611 1147 Item,
635 1070 749 1134 eodem
780 1069 833 1133 die
860 1068 1025 1133 Willelmo
1062 1067 1103 1132 de
1130 1067 1337 1134 Charlerton'
1354 1069 1456 1155 juxta

412 1171 622 1258 Edlingham‚
638 1172 682 1237 ad
704 1192 818 1236 omnes
840 1169 979 1247 ordines,
1002 1173 1081 1233 etc:
1113 1191 1188 1233 oum
1211 1169 1279 1236 ista
1300 1170 1453 1252 clausula,

408 1272 537 1336 “Dum
560 1277 673 1338 tamen
696 1271 892 1337 sufficientes
914 1269 1031 1336 titulos
1052 1268 1258 1347 exhibeant‚”
1281 1276 1341 1338 eto.

238 1434 388 1528 gemin
407 1486 445 1539 co
499 1486 506 1500 .
533 1487 539 1499 .
569 1489 643 1538 sebe
676 1511 688 1522 ·
765 1427 956 1494 Venerabili
977 1428 1014 1492 in
1036 1425 1168 1493 Christo
1190 1427 1288 1515 patri,
1320 1430 1453 1496 domino

237 1535 394 1580 emanarat
407 1503 557 1604 ffifflff
584 1503 687 1603 fratrib
703 1530 873 1614 'Ricardo
895 1529 959 1595 Dei
980 1528 1096 1614 gratia,
1119 1527 1338 1594 Dunolmensi
1368 1531 1452 1619 epis-

236 1585 394 1726 {gffsslgffgld
407 1621 549 1735 waperupp
562 1621 592 1668 ‘¹⁶
604 1620 686 1698 ⁰⁰¹¹?
720 1655 808 1720 copo,
825 1633 864 1697 R.
884 1632 1027 1696 decanus
1049 1636 1083 1696 et
1105 1630 1287 1718 capitulum
1310 1633 1454 1700 ecclesia>

237 1697 372 1830 ἓξὲξ
406 1687 523 1830 illaria
540 1693 686 1802 ιιθιῗιιῗζωώω
719 1735 815 1799 Beati
838 1733 930 1798 Petri
945 1733 1167 1811 Eboracensis,
1187 1732 1338 1799 custodes
1360 1736 1454 1821 spiri-

405 1820 436 1868 d⁰
447 1820 577 1868 ΜΝ·
718 1836 885 1901 tualitatis
900 1835 1197 1920 archiepiscopatus
1206 1833 1360 1918 ejusdem,
1378 1838 1453 1904 sede

406 1945 555 2018 vacante,
592 1940 733 2005 salutem
771 1959 846 2002 cum
883 1935 1070 2000 reverentia
1101 1941 1136 2000 et
1173 1933 1297 2000 honore
1334 1937 1454 2004 debitis

404 2046 504 2108 tanto
537 2041 632 2128 patri.
679 2040 729 2106 De
751 2043 864 2104 vestra
893 2037 1019 2102 sincera
1045 2035 1221 2101 devotione
1250 2036 1288 2100 in
1310 2037 1453 2107 Domino

405 2145 617 2221 confidentes,
651 2143 693 2206 ad
728 2139 988 2207 benedicendum
1021 2137 1158 2202 fratrem
1195 2137 1381 2204 Walterum
1412 2142 1453 2208 de

407 2243 605 2323 Ookewald',
623 2243 764 2308 electum
787 2242 823 2306 in
845 2241 1001 2306 abbatem
1015 2239 1209 2303 monasterii
1224 2237 1266 2304 de
1282 2238 1453 2320 Fontibus,

404 2347 443 2411 in
464 2347 576 2431 aliqua
598 2345 734 2410 ecelesia
757 2365 814 2408 seu
837 2342 960 2430 capella
985 2340 1200 2407 Eboraoensis
1222 2341 1377 2421 dioeoesis,
1399 2344 1453 2412 die

404 2470 502 2533 quem
526 2449 568 2512 ad
590 2448 652 2512 hoc
674 2446 837 2511 duxeritis
859 2443 1104 2530 assignandum,
1127 2465 1256 2509 necnon
1277 2445 1321 2509 ed
1342 2449 1453 2513 omnia

352 2616 356 2625 ,
403 2549 592 2614 faciendum
630 2569 703 2634 quae
741 2547 827 2612 circa
864 2537 1006 2611 officinm
1043 2545 1234 2631 hujusmodi
1249 2562 1252 2571 ¹
1270 2551 1452 2616 necessaria
1512 2541 1514 2544 ⁵

403 2650 538 2729 suerint,
563 2672 620 2715 seu
636 2649 738 2714 etiam
760 2654 954 2736 opportuna,
970 2646 1065 2712 vobis
1078 2651 1280 2733 potestatem
1303 2652 1339 2714 et
1352 2650 1451 2716 licen·

402 2752 485 2817 tiam
508 2751 712 2818 concedimus
735 2750 917 2837 specialem.
963 2748 1147 2816 Oonservet
1168 2769 1228 2814 vos
1250 2749 1394 2818 ecclesia
1416 2756 1452 2818 et

401 2853 523 2940 populo
538 2876 597 2919 suo
606 2853 704 2931 Deus,
720 2873 779 2938 per
793 2857 942 2938 tempora
955 2851 1111 2938 longiora
1157 2849 1283 2916 Datum
1300 2852 1449 2934 Eboraci,

403 2954 459 3039 vij.
482 2956 527 3022 id.
550 2954 573 3020 J
576 2955 656 3035 unii,
679 2977 767 3021 anno
790 2954 915 3020 Gratiae
937 2965 1069 3018 n⁰.cee⁰.
1093 2952 1323 3022 sextodecimo.

228 3109 356 3160 rafaneu
366 3119 392 3162 or
401 3124 548 3176 obedientia
565 3135 665 3192 ,em
743 3091 824 3180 Ego,
834 3063 938 3157 frater
953 3090 1131 3170 Walterus,
1141 3091 1244 3157 abbas
1259 3094 1450 3172 monasterii

227 3165 361 3306 ifiiiiffl
401 3193 433 3241 “b
446 3195 541 3243 eodem.
698 3194 739 3259 de
749 3194 922 3274 Fontibus,
932 3191 1161 3258 Cistercicnsis
1176 3195 1311 3273 ordinis,
1323 3196 1452 3282 subjec-

225 3265 378 3378 ldlllll‘
400 3291 536 3370 tionem,
560 3297 782 3362 reverentiam
805 3303 840 3362 et
854 3295 1087 3374 obedientiam,
1112 3317 1132 3360 a
1153 3297 1278 3360 sanctis
1299 3298 1450 3383 patribus

226 3365 389 3462 iiiiii-¹0³3*
401 3395 608 3474 constitutas,
630 3399 810 3463 seamdum
831 3397 980 3484 regulam
1007 3395 1124 3462 Sancti
1147 3395 1330 3480 Benedicti,
1353 3422 1450 3466 vene-

226 3461 296 3508 m
399 3495 559 3561 rabilibus
591 3498 682 3578 viris,
706 3551 713 3566 .
736 3550 743 3565 .
766 3553 772 3566 .
796 3500 920 3565 decano
952 3511 988 3564 et
1009 3497 1155 3586 capitulo
1178 3499 1449 3586 Eboracensibns,

399 3598 474 3662 sede
503 3605 651 3681 vacante,
674 3608 708 3668 et
731 3653 738 3668 .
762 3654 769 3668 .
793 3654 800 3668 .
823 3601 1075 3692 archiepiscopis
1098 3601 1369 3686 Eboracensibus,
1392 3607 1450 3692 qui

398 3719 459 3785 pro
481 3704 630 3786 tempore
646 3701 780 3782 firerint,
803 3705 879 3770 sede
894 3705 999 3792 plena,
1015 3727 1195 3792 eorumque
1209 3707 1451 3774 successoribus

399 3801 555 3866 canonice
577 3804 825 3882 constituendis,
847 3829 885 3873 ao
907 3813 1031 3874 sanotre
1047 3808 1116 3872 sedi
1132 3807 1343 3888 Eboracensi,
1359 3811 1450 3877 salvo

400 3902 515 3968 ordine
545 3925 627 3984 meo,
665 3913 824 3994 perpetuo
853 3934 907 3978 me
941 3912 1172 3981 exhibiturum
1209 3917 1380 4001 promitto,
1417 3927 1452 3984 et

400 4003 461 4069 hoc
484 4007 616 4092 propria
637 4032 737 4076 manu
760 4013 936 4081 subscribo

231 4181 376 4283 pgpepffieof
398 4195 649 4253 &mmmm
729 4165 900 4246 Ricardus‚
922 4169 1138 4254 permissione
1173 4176 1298 4259 divina,
1323 4180 1452 4248 Dunol·

231 4262 488 4380 ffissffigfflfflff'
575 4289 578 4296 ·
682 4269 804 4333 mensis
831 4269 1011 4358 episcopus,
1042 4274 1164 4342 dilecto
1187 4277 1266 4359 filio,
1289 4285 1450 4370 magistro

231 4350 378 4444 ornaaiil
399 4363 544 4432 Roberto
559 4368 600 4432 de
623 4368 807 4457 Kygheley,
821 4395 920 4439 saera
943 4374 1121 4462 theologiae
1144 4379 1282 4466 doctori,
1298 4386 1450 4468 salutem,

231 4436 386 4532 ffdniiauiih
397 4466 542 4548 gratiam
565 4475 600 4535 et
630 4471 901 4542 benedictionem.
948 4479 1136 4546 Literarum
1166 4487 1298 4571 peritia,
1320 4511 1449 4556 morum

400 4569 435 4630 et
468 4572 726 4640 conversationis
759 4576 985 4662 honestasse
1018 4584 1083 4650 alia
1117 4577 1287 4657 virtutum
1318 4593 1449 4676 merita,

398 4665 517 4748 quibus
548 4691 721 4754 personam
755 4683 849 4746 tuam
871 4684 1067 4754 Altissimus
1099 4690 1280 4774 decoravit,
1302 4696 1346 4761 ad
1380 4703 1450 4764 ture
