3570 5718
397 810 462 874 924
574 818 773 877 nnorsrnuu
797 819 999 872 remrruuu
1019 822 1263 874 nuumusuen.

242 1009 363 1055 snum
394 994 530 1060 dietatis
552 993 686 1061 eelebris
713 994 907 1082 [memoriae]
934 994 1066 1060 domino
1081 993 1255 1072 Eduardo,
1277 995 1442 1080 quondam
1455 1015 1617 1068 aarum

392 1097 462 1182 regi
484 1095 623 1182 Angliae,
647 1095 735 1181 patri
760 1101 881 1174 nostro,
907 1117 928 1160 a
956 1097 1041 1161 clero
1069 1096 1196 1160 dudum
1226 1117 1384 1162 ooneessae
1406 1096 1443 1162 in

393 1198 581 1283 episcopatu
619 1201 730 1262 vestro
764 1197 930 1282 praedicto,
960 1201 1059 1284 prout
1100 1197 1195 1262 nobis
1227 1202 1356 1264 constat
1385 1220 1443 1285 per
1549 1233 1553 1240 ·

392 1298 628 1384 inspectionem
658 1299 839 1364 rotulorum
870 1299 911 1363 de
934 1297 1101 1364 Scaeeario
1123 1303 1256 1379 nostro.;
1285 1299 1334 1364 ita
1356 1301 1444 1384 quod

392 1401 543 1466 denarios
559 1401 632 1464 illos
647 1400 795 1465 habeatis
810 1400 853 1464 ed
867 1401 955 1464 idem
966 1399 1170 1465 Soaoearium
1182 1405 1340 1479 nostrum,
1356 1401 1443 1486 apud

392 1501 729 1579 westmonasterium,
749 1523 770 1564 a
792 1501 845 1565 die
869 1500 1002 1568 Paschae
1027 1501 1063 1565 in
1085 1523 1141 1566 xv.
1165 1501 1236 1566 dies
1257 1501 1352 1566 nobis
1381 1502 1443 1566 sel·

391 1604 537 1682 vendos;
574 1603 783 1667 attendentes
813 1602 984 1687 siquidem,
1017 1603 1113 1687 quod,
1144 1601 1173 1668 si
1204 1602 1285 1687 quid
1313 1624 1334 1666 a
1355 1607 1442 1668 retro

392 1705 492 1770 fuerit
516 1705 557 1770 de
579 1705 700 1769 debitis
716 1704 881 1790 praedietis
904 1726 963 1789 per
985 1704 1088 1770 vestri
1108 1704 1270 1769 defectum
1293 1704 1332 1769 de
1348 1705 1442 1770 bero·

393 1808 450 1870 nia
474 1811 586 1871 vestra
623 1805 665 1870 ad
704 1806 792 1870 diem
826 1805 1024 1891 praediotum
1055 1805 1160 1870 levari
1186 1805 1350 1871 faciemus
1397 1806 1442 1870 Et

391 1907 571 1994 quidinde
594 1907 744 1984 feceritis,
768 1906 945 1971 baronibus
966 1907 1006 1970 de
1029 1906 1117 1972 dicto
1140 1905 1306 1970 Soaooario
1321 1911 1441 1985 nostro,

390 2010 434 2074 ad
457 2009 629 2094 praediotos
644 2007 732 2072 diem
754 2012 788 2071 et
802 2006 918 2084 loeum,
934 2007 1089 2073 distinete
1117 2011 1151 2071 et
1165 2011 1278 2092 aperte
1293 2012 1441 2074 constare

390 2109 527 2186 faciatis,
552 2109 757 2174 remittentes
784 2108 831 2172 ibi
854 2113 935 2174 tune
958 2109 1019 2174 hoe
1043 2109 1148 2174 breve.
1196 2107 1301 2186 Teste,
1323 2109 1374 2174 W.
1398 2109 1440 2174 de

392 2213 565 2298 Norwyeo,
596 2212 685 2296 apud
718 2210 1053 2290 westmonasterium,
1072 2211 1097 2296 j.
1129 2208 1186 2275 die
1209 2210 1332 2288 Martii,
1354 2232 1439 2276 anno

391 2313 483 2400 regni
531 2313 637 2378 nostri
681 2311 893 2378 sextu—Per
932 2312 1080 2378 rotulum
1136 2313 1277 2398 compoti
1322 2312 1439 2397 prioris

391 2415 630 2491 Dunolmensia
653 2413 831 2479 collectoris
853 2413 990 2478 subsidii
1012 2413 1170 2499 praedicti,
1193 2413 1229 2477 in
1251 2414 1438 2499 episcopatu

391 2516 613 2582 Dunelmensi,

619 2648 698 2714 Post
720 2647 878 2713 ultimum
900 2648 999 2714 breve
1015 2653 1162 2714 vestrum
1184 2648 1279 2714 nobie
1301 2647 1439 2714 missum

351 2829 369 2842 „
575 2749 779 2829 levavimus;
809 2750 971 2827 videlieet,
994 2750 1035 2816 de
1061 2771 1200 2836 persona
1222 2749 1374 2815 'ecelesiae
1398 2749 1438 2814 de

392 2847 572 2934 Seggefeld’
595 2851 786 2926 levavimus,
810 2873 889 2915 xxv.
900 2851 944 2930 lt,
969 2851 1010 2915 de
1040 2851 1135 2916 bonis
1166 2851 1242 2928 suis,
1265 2851 1347 2916 alias
1380 2871 1439 2936 per

388 2972 448 3014 nos
463 2951 683 3036 sequestratis,
707 2956 741 3016 et
763 2972 822 3037 pro
844 2951 975 3017 residuo
990 2951 1264 3037 sequestravimus
1286 2952 1373 3017 bona
1395 2953 1438 3017 ad

387 3052 567 3116 valentiam
590 3051 633 3118 xl.
646 3074 671 3118 a.

431 3153 483 3218 De
519 3175 657 3240 persona
694 3153 836 3220 eoelesiae
873 3155 914 3220 de
945 3154 1144 3241 Wytobern’,
1167 3178 1198 3221 v.
1221 3175 1365 3235 moereas,
1396 3156 1437 3222 de

388 3255 485 3320 bonis
519 3255 612 3341 prius
644 3255 868 3342 sequestretis,
901 3259 937 3320 et
966 3255 1009 3319 ad
1040 3256 1207 3322 residuum
1238 3277 1306 3321 non
1342 3256 1435 3321 inve·

387 3357 497 3421 nimus
520 3361 691 3442 emptores.

432 3459 483 3525 De
505 3479 643 3545 persona
665 3457 808 3526 eeclesiae
831 3459 872 3524 de
895 3457 1135 3546 Wessyngton’,

1084 3559 1437 3648 njbfflafflm

433 3664 484 3729 De
507 3663 658 3749 portione
680 3661 860 3746 Lodowyoi
883 3661 924 3727 de
947 3663 1038 3728 Bello
1053 3663 1167 3728 Mente
1189 3663 1227 3726 in
1241 3661 1375 3728 ecelesia
1396 3664 1437 3730 da

477 3764 615 3828 Norton'
706 3797 1310 3814 ·····
1355 3765 1437 3831 irus.

431 3865 482 3930 De
505 3885 643 3951 persona
665 3864 807 3930 eoelesiae
831 3864 872 3930 de
896 3863 1041 3950 Howyk’
1111 3901 1125 3914 ·
1259 3902 1273 3915 ·
1318 3867 1387 3952 viij.
1400 3865 1436 3934 li.

431 3967 482 4032 De
504 3966 654 4054 portione
677 3988 751 4051 quae
772 3965 839 4031 fuit
860 3966 981 4054 Rogeri
997 3966 1038 4032 de
1062 3967 1176 4032 Insula
1190 3967 1227 4033 in
1242 3967 1375 4034 eeclesia
1396 3969 1437 4034 de

475 4067 612 4133 Norton’
705 4102 1312 4120 -----
1358 4069 1436 4136 lx.s.

431 4171 482 4237 De
505 4171 631 4236 vicario
654 4170 695 4235 de
718 4171 906 4257 Langoestr’
1037 4209 1052 4222 ·
1097 4169 1190 4257 ij.
1205 4172 1310 4258 xiijo.
1333 4172 1435 4258 iiiju.

430 4274 481 4340 De
521 4273 672 4359 portione
706 4293 779 4357 quae
811 4272 878 4337 fuit
908 4271 1066 4338 Willelnri
1098 4274 1140 4339 de
1170 4273 1364 4362 Brumpton'
1397 4277 1435 4341 in

475 4373 609 4440 eeclesia
626 4371 758 4438 Cestr'l.
770 4395 803 4452 a,
820 4373 971 4440 debonis
987 4375 1077 4461 prius
1093 4377 1315 4461 sequestratis,
1327 4382 1361 4444 et
1375 4400 1434 4464 pro

474 4475 604 4541 residuo
627 4476 901 4560 sequestravimus
924 4477 966 4541 ad
988 4477 1167 4543 valentiam
1279 4517 1295 4529 -
1340 4501 1395 4544 xx.
1408 4502 1431 4546 a

430 4578 482 4641 De
504 4576 627 4642 vicario
650 4577 691 4642 de
713 4576 861 4642 Norham
878 4614 892 4626 ·
1025 4617 1039 4630 -
1083 4579 1127 4665 vj.
1142 4577 1176 4644 lo'.
1201 4579 1270 4666 xiij.
1282 4601 1305 4644 s.
1330 4581 1388 4665 iiij.
1400 4581 1431 4646 d.

432 4690 482 4754 De
505 4691 655 4774 portione
678 4712 752 4776 quea
774 4691 840 4756 fuit
863 4691 1031 4779 Radulphi
1046 4693 1087 4758 de
1102 4695 1226 4781 Besage
1249 4695 1285 4758 in
1301 4693 1434 4760 eeclesia

387 4792 427 4857 de
452 4789 646 4876 Langeestr,
670 4790 712 4855 ad
744 4791 831 4857 bona
853 4792 934 4856 alius
965 4815 1024 4879 per
1054 4816 1113 4860 nos
1147 4801 1357 4880 sequestrate,
1389 4796 1433 4861 ad

269 2710 328 2796 ”gg
355 2731 357 2736 ·
391 2715 539 2768 lteturnum.
