3562 5714
518 807 716 860 suursrnurr
740 805 944 858 rlnlrruun
966 808 1206 861 susannense.
1322 798 1387 864 953

168 1000 325 1058 insonae
338 993 444 1059 nostri
476 994 620 1080 partium
652 995 782 1060 illarum
817 993 974 1062 honorem
999 1001 1034 1061 et
1056 996 1271 1074 commodum,
1286 1003 1320 1063 et
1343 998 1386 1064 ad
1415 1013 1538 1063 anina.

338 1095 577 1161 detrimentum
600 1097 809 1169 inimicorum
831 1103 1019 1163 nostrorum
1044 1098 1173 1176 Scotiae,
1197 1119 1291 1184 posse
1314 1099 1385 1164 feli-

336 1196 406 1262 cius
437 1200 628 1284 prosperari,
655 1199 810 1264 nolumus
841 1199 929 1286 quod
961 1199 1004 1264 ad
1038 1199 1165 1264 dictum
1191 1201 1386 1287 parliamen-

336 1302 409 1363 tum
432 1299 601 1381 accedatis,
623 1301 681 1366 sed
703 1301 793 1385 quod
814 1299 852 1364 in
874 1301 1063 1386 episcopatu
1086 1307 1196 1366 vestro
1219 1302 1385 1387 praedicto,

336 1401 403 1480 ubi,
426 1423 484 1486 pro
508 1401 627 1487 majore
649 1403 772 1468 honore
803 1407 838 1467 et
859 1403 1029 1468 commodo
1060 1407 1173 1468 nostro
1205 1425 1243 1468 ac
1276 1410 1386 1470 vestro

336 1506 371 1565 et
404 1503 514 1588 quiete
546 1504 658 1592 populi
689 1505 795 1570 nostri
827 1505 984 1591 praedicti,
1008 1504 1192 1590 damnoque
1222 1509 1256 1569 et
1278 1507 1386 1590 repul·

335 1602 424 1667 sione
448 1603 611 1671 dictorum
635 1607 843 1672 inimicorum
865 1612 1061 1683 nostrorum,
1085 1606 1202 1671 melius
1233 1606 1385 1673 videritis

335 1705 499 1790 expedire,
522 1728 648 1772 moram
678 1708 828 1787 faciatis3
859 1708 962 1784 vobis,
985 1707 1021 1771 iu
1045 1707 1110 1772 lide
1142 1711 1177 1772 et
1210 1707 1385 1774 dilectione

336 1805 456 1890 quibus
477 1808 573 1873 nobis
596 1809 765 1887 tenemini,
788 1809 929 1874 firmiter
944 1809 1165 1894 injungentes,
1181 1808 1270 1894 quod
1300 1811 1386 1876 eirca

335 1908 503 1990 praemissa
526 1931 656 1975 omnem
679 1911 886 1998 diligentiam
903 1931 1003 1995 quam
1026 1911 1178 1995 poteritis
1200 1913 1383 1995 apponatis,

333 2007 382 2072 ita
412 2010 500 2095 quod
522 2033 581 2076 vos
604 2011 724 2078 exinde
756 2012 932 2077 debeamus
967 2011 1083 2076 merito
1114 2012 1386 2078 recommendare.

334 2110 469 2178 Proviso
503 2114 591 2198 quod
622 2114 665 2178 ad
697 2113 823 2178 dietum
861 2112 1116 2198 parliamentum
1157 2117 1385 2197 procuratores

333 2212 477 2291 idoneos,
500 2236 573 2279 cum
607 2215 780 2280 sufficienti
803 2219 975 2300 potestate,
1005 2235 1064 2299 pro
1094 2214 1189 2279 vobis
1211 2214 1386 2280 destinetis

333 2319 369 2378 et
391 2315 480 2399 quod
501 2316 731 2401 praemuniatis
754 2367 761 2380 .
785 2366 792 2380 .
816 2316 957 2401 priorem
981 2322 1015 2380 et
1037 2315 1218 2401 capitulum
1242 2316 1385 2382 eeclesias

336 2415 579 2495 Dunolmensis,
612 2417 865 2495 archidiaconos,
898 2422 1073 2502 totumque
1111 2416 1242 2495 olerum,
1264 2424 1385 2484 vestrae

335 2515 492 2594 dioecesis,
514 2518 604 2602 quod
624 2517 724 2584 iidem
748 2569 755 2583 .
780 2569 787 2582 .
810 2569 817 2583 .
841 2517 930 2604 prior
952 2523 986 2583 et
1009 2517 1236 2597 archidiaconi,
1259 2519 1296 2582 in
1311 2541 1385 2604 pro·

334 2617 415 2704 priis
430 2618 575 2704 personis
597 2619 673 2698 suis,
689 2624 723 2684 et
739 2619 866 2684 dictum
881 2619 1065 2706 capitulum
1081 2639 1139 2705 per
1153 2641 1266 2697 unum,
1281 2621 1384 2685 idem-

335 2740 398 2804 que
431 2721 536 2785 clerus
569 2741 628 2807 per
650 2721 740 2799 duos,
764 2725 992 2806 procuratores
1021 2721 1163 2798 idoneos,
1195 2722 1327 2807 plenam
1349 2727 1384 2788 et

335 2821 548 2888 sufficientem
587 2828 787 2910 potestatem
825 2822 866 2888 ab
903 2823 982 2908 ipsis
1027 2822 1172 2908 capitulo
1218 2829 1253 2888 et
1296 2823 1383 2890 clero
1434 2833 1437 2838 '

333 2925 499 3003 habentes,
537 2946 605 2990 una
649 2947 723 2991 eum
762 2926 1026 3011 procuratoribus
1062 2926 1182 2991 vestris
1218 2926 1381 3006 intersint,

334 3025 439 3091 modis
461 3027 622 3105 omnibus,
645 3031 726 3092 tunc
748 3026 872 3092 ibidem
897 3026 940 3090 ad
964 3026 1152 3092 iaciendum
1182 3031 1217 3092 et
1247 3048 1382 3093 eonsen-

333 3127 484 3192 tiendum
516 3128 580 3193 hiis
599 3149 686 3213 ‚quae
712 3133 792 3194 tunc
815 3126 857 3192 de
885 3128 1050 3192 communi
1081 3128 1224 3206 consilio,
1248 3129 1381 3194 favente

332 3228 485 3308 Domino,
515 3230 661 3295 ordinari
693 3229 869 3315 contigerit
893 3250 991 3314 super
1014 3230 1156 3316 negotiis
1194 3230 1380 3297 antedictis.

334 3329 431 3396 Teste
463 3332 596 3418 meipso,
628 3331 719 3417 apud
753 3331 965 3416 Wyndesore,
996 3331 1101 3416 primo
1143 3331 1197 3396 die
1226 3331 1379 3418 Augusti,

333 3452 420 3498 anno
442 3433 536 3518 regni
559 3432 662 3498 nostri
684 3433 831 3518 septimo.

203 3701 206 3708 ,
331 3685 413 3736 Breve
430 3700 475 3748 pro
492 3686 536 3734 ,st
613 3633 805 3711 Edwardus‚
836 3634 900 3699 Dei
929 3633 1046 3720 gratia,
1069 3653 1129 3697 rex
1152 3632 1291 3718 Anghae,
1322 3633 1523 3732 d0·„l'l¹,·⁸,{,³,¹‡⁸'³

332 3753 401 3800 mino
411 3750 538 3814 stephano
570 3738 681 3803 minus
705 3736 887 3816 Hiberniae,
911 3739 947 3800 et
968 3735 1039 3799 dux
1061 3732 1263 3820 Aquitaniae,
1281 3756 1379 3801 vene-
1391 3739 1530 3834 mense

332 3817 363 3866 ‘¹⁹
379 3816 539 3866 ΜΟΝ-
572 3839 669 3906 auru
706 3840 744 3903 in
781 3837 913 3903 ossea
951 3835 1228 3923 patri,1eieard0,
1266 3837 1379 3902 aaran
1468 3802 1490 3842 ¹·

332 3943 451 4030 gratia,
462 3941 678 4008 Dunolmensi
693 3940 851 4027 episcopo
870 3938 1019 4005 salutem.
1051 3937 1139 4017 Quia
1153 3937 1315 4023 placitum
1330 3945 1381 4004 est

332 4044 477 4109 incuria
502 4043 651 4130 [nostra]
670 4063 775 4108 coram
801 4039 979 4106 baronibus
1002 4039 1044 4103 de
1066 4037 1232 4104 Seaeoario
1255 4043 1379 4120 nostro,

332 4145 421 4212 inter
452 4143 656 4231 Stephanum
688 4143 728 4209 de
759 4141 903 4227 haulay,
930 4161 1019 4204 nune
1041 4160 1213 4226 personam
1237 4139 1378 4214 ecelesiae

332 4247 372 4312 de
398 4245 576 4333 Hoghton',
598 4250 797 4332 querentem,
822 4246 856 4308 et
888 4243 1054 4328 Rogemm
1090 4239 1120 4304 le
1143 4239 1261 4319 Olerk’,
1295 4262 1378 4325 prae-

332 4347 529 4413 bendarium
560 4349 601 4412 de
632 4343 845 4432 Langecestr’,
875 4341 1090 4408 Laurentium
1121 4339 1162 4406 de
1192 4340 1378 4422 Holebech',

331 4453 525 4540 magistrum
559 4447 771 4534 Radulphum
808 4445 851 4510 de
889 4442 1074 4521 Holebeeh’,
1113 4447 1148 4508 et
1184 4444 1377 4530 magistrum

331 4555 514 4620 Robertum
551 4551 592 4617 de
626 4548 772 4628 Baldok’,
803 4549 992 4612 executores
1029 4545 1221 4610 testamenti
1259 4546 1378 4632 magis·

330 4657 375 4722 tri
412 4653 570 4722 Willelmi
607 4651 649 4717 de
687 4649 809 4716 Sancto
846 4644 1022 4733 Botulpho,
1059 4645 1184 4712 dudum
1229 4667 1377 4733 personae
