3362 5720
410 737 496 808 1278
586 752 787 806 arorsrauu
811 749 1012 804 parsurum
1036 751 1278 802 nuuunuausr.

260 957 315 1000 AD·
324 959 380 1000 1³1⁵·
408 965 524 1009 manus
547 943 747 1028 spoliatrices
777 941 956 1006 extendere
978 962 1045 1006 non
1075 941 1270 1020 verentium,
1299 938 1466 1012 incendia,
1479 957 1634 1007 Aufinum*-

407 1069 446 1112 ae
467 1046 550 1111 alios
572 1045 716 1111 casuales
734 1045 883 1110 sinistros
899 1049 1045 1122 eventus,
1068 1044 1112 1110 ad
1126 1047 1232 1110 tsntae‘
1255 1042 1466 1130 paupertatis

407 1148 563 1234 inopiam,
589 1147 677 1234 quod
707 1147 857 1213 dolenter
879 1146 1051 1212 referimus
1075 1145 1255 1221 devenisse,
1281 1144 1377 1231 quod,
1403 1143 1465 1208 ad-

408 1251 497 1315 versi
512 1249 669 1336 temporis
685 1249 842 1314 saeviente
857 1248 995 1326 malitia,
1011 1271 1071 1335 per
1092 1270 1137 1328 se,
1150 1247 1270 1334 nequit
1283 1265 1463 1332 resurgere,

408 1353 472 1416 nisi
495 1353 597 1418 fuerit
619 1352 677 1438 qui
703 1353 854 1418 sublevet
878 1357 913 1416 et
939 1356 1083 1418 erectum
1114 1350 1279 1419 sustineat
1299 1348 1462 1414 uberioris

282 1493 288 1504 ·
360 1493 365 1505 ·
395 1453 642 1519 munificentiae
654 1453 860 1534 fulcimento;
875 1453 1108 1539 cupientesque
1123 1452 1271 1539 paternis
1280 1450 1461 1528 affectibus,

410 1560 448 1620 ut
470 1555 558 1619 idem
588 1555 761 1642 hospitale,
791 1561 904 1620 nostro
929 1560 1124 1641 procurante
1147 1553 1266 1632 studio,
1296 1553 1462 1618 relevetur

408 1657 451 1722 ab
477 1657 600 1743 inopia,
622 1663 657 1722 et
683 1657 726 1722 ad
749 1678 850 1722 onera
872 1679 947 1743 quoe
970 1657 1075 1722 eidem
1106 1657 1304 1722 incumbunt
1325 1677 1461 1742 suppor-

408 1759 512 1825 tanda
527 1758 675 1839 sufficiat,
686 1781 724 1824 ao
739 1759 924 1824 salubribus
939 1757 1091 1845 proficiat
1105 1759 1314 1824 incrementis
1326 1783 1334 1838 ;
1348 1779 1462 1822 omnes

408 1861 550 1926 decimas
572 1861 741 1926 novalium
764 1867 799 1927 et
821 1882 982 1926 novorum
1001 1865 1208 1941 assertorum,
1220 1861 1323 1946 juxta
1344 1860 1461 1925 Getes-

408 1963 533 2045 heved'‚
544 1985 635 2048 quas,
646 1963 742 2029 bonae
750 1963 925 2039 memoriae,
934 1963 1109 2044 Antonius,
1118 1963 1334 2048 praedecessor
1342 1965 1461 2036 noster,

409 2065 556 2152 percepit
578 2071 612 2130 et
635 2065 789 2132 continue
804 2064 923 2142 tenuit,
938 2065 974 2128 in
995 2086 1073 2129 usus
1096 2085 1171 2130 suos
1186 2064 1358 2142 convertit,
1380 2065 1460 2129 dum

409 2168 506 2245 vixit,
531 2173 647 2254 utpote
674 2167 762 2234 infra
795 2167 919 2232 nuliam
954 2173 1077 2232 certam
1107 2165 1294 2253 parochiam
1317 2167 1462 2232 existen-

409 2275 467 2347 tes,
484 2290 628 2356 quasque
642 2290 710 2351 nos,
722 2269 798 2354 jure
813 2269 955 2334 ecclesiae
973 2273 1105 2346 nostrae,
1128 2268 1164 2332 in
1186 2291 1303 2334 manus
1325 2273 1461 2345 nostras,

410 2393 451 2435 ex
474 2372 588 2436 eadem
611 2391 711 2436 causa
733 2367 913 2457 aliqnando
936 2371 1112 2447 tenuimus,
1137 2375 1171 2436 et
1200 2371 1296 2436 licuit
1317 2371 1461 2436 tenuisse

410 2473 453 2538 ad
476 2472 709 2539 relevationem
732 2472 877 2561 depressi
900 2477 1007 2538 status
1021 2472 1103 2537 dicti
1126 2469 1357 2558 hospitalis‚'et
1379 2474 1462 2557 pris·

410 2575 483 2640 tine
505 2575 652 2640 caritatis
675 2595 773 2660 opera
796 2573 991 2652 suscitanda,
1008 2579 1041 2640 et
1058 2595 1156 2640 onera
1177 2574 1285 2639 eidem
1306 2575 1462 2662 hospitali

411 2676 637 2742 incumbentia
674 2675 802 2741 facilius
834 2677 1068 2762 supportanda,
1102 2675 1222 2742 dilecto
1257 2675 1334 2756 filio,
1367 2677 1461 2741 fratri

411 2778 548 2866 Hugoni
571 2779 612 2843 de
635 2764 757 2843 Monte
774 2777 864 2855 Alto,
880 2799 969 2844 nunc
991 2779 1148 2864 magistro
1178 2779 1259 2868 dicti
1282 2778 1460 2864 hospitalis,

410 2901 449 2944 ac
464 2878 700 2945 successoribus
716 2880 793 2957 suis,
808 2880 954 2964 ejusdem
970 2881 1143 2968 magistris,
1166 2901 1205 2946 ac
1219 2880 1284 2968 ipsi
1298 2881 1460 2967 hospitali,

337 3051 343 3064 ¹
411 2981 524 3046 habito
555 3003 653 3066 super
683 2980 751 3060 hoc,
776 3002 849 3048 cum
882 2981 1056 3068 diligentie
1086 2988 1286 3070 congruente
1308 2988 1458 3064 tractatu,

410 3103 448 3148 ac
463 3082 704 3148 interveniente
720 3081 830 3148 debite
853 3105 1012 3148 consensu
1035 3106 1187 3171 expresso
1202 3085 1340 3173 capituli
1357 3086 1460 3149 nostri

411 3184 651 3264 Dunelmensis,
678 3183 826 3250 caritatis
857 3186 994 3268 intuitu,
1026 3186 1231 3266 conferimus,
1259 3193 1293 3253 et
1322 3188 1359 3253 in
1388 3211 1459 3274 per·

411 3293 548 3374 potuum
571 3289 782 3374 assignamus.
822 3287 863 3350 In
879 3287 972 3375 cujus
994 3289 1042 3354 rei
1065 3289 1302 3370 testimonium,
1318 3290 1458 3376 sigilium

411 3397 561 3456 nostrum
588 3389 804 3476 praesentibus
844 3385 1000 3454 duximus
1038 3391 1277 3477 apponendum.
1339 3392 1458 3456 Datum

411 3493 500 3578 apud
516 3492 728 3570 Dunolmum‚
744 3492 885 3558 secundo
901 3491 954 3556 die
970 3493 1090 3557 mensis
1105 3491 1129 3558 J
1129 3493 1211 3572 unii,
1226 3515 1314 3558 anno
1328 3493 1459 3558 Domini

411 3593 584 3659 millesimo
600 3591 755 3672 cce⁰.xv⁰.‚
779 3597 813 3658 et
826 3595 1078 3659 consecrationis
1092 3599 1216 3661 nostrae
1230 3597 1354 3682 quinto.
1385 3596 1458 3661 Hiis

412 3695 562 3776 testibus,
589 3695 722 3760 domino
754 3695 881 3760 Thema
912 3697 953 3761 de
976 3696 1223 3785 Goldesburgh'‚
1255 3705 1336 3765 tunc
1358 3699 1458 3765 archi·

413 3797 549 3861 diacono
572 3803 684 3860 nostro
707 3796 932 3878 Dunolrnensi,
956 3799 1113 3886 magistro
1128 3799 1294 3867 Willelmo
1316 3804 1357 3869 de
1381 3802 1457 3882 Qui-

412 3899 516 3976 cham‚
547 3903 658 3964 tnnc.
685 3950 690 3963 .
716 3949 722 3964 .
755 3897 886 3964 officiali
916 3905 1030 3964 nostro
1061 3901 1288 3982 Dunelmensi,
1311 3904 1456 3982 dominis,

412 3999 586 4084 Radulpho
608 3999 677 4064 filio
707 3999 875 4078 Willelmi‚
899 4001 1041 4066 Ricardo
1071 4003 1286 4084 Marmeduk’,
1317 4005 1458 4071 Waltero

413 4103 453 4168 de
476 4101 705 4188 Wessingtou',
723 4101 895 4183 militibus,
919 4103 1071 4170 Johanne
1093 4105 1135 4172 de
1151 4106 1289 4193 Bedyk’,
1310 4108 1334 4172 J
1335 4108 1458 4174 ohanne

414 4203 653 4270 Oseworth'et
675 4203 758 4270 aliis.

242 4409 327 4504 pilipp
316 4413 379 4531 053⁰
414 4437 492 4488 cm„
516 4435 620 4488 Henriic
637 4438 660 4488 lc
757 4403 932 4471 Univmsis
958 4405 1083 4472 Ohristi
1108 4408 1261 4475 fidelibus
1283 4417 1461 4529 praesentes
1501 4402 1503 4405 ⁵

243 4510 341 4603 {pesp
303 4513 379 4603 ξζὲξι)
414 4504 512 4568 serop’
524 4504 619 4554 militis.
711 4505 823 4572 literas
838 4507 1043 4623 inspecturis,
1068 4509 1236 4591 Ricardus,
1252 4514 1461 4600 permissione

243 4562 350 4654 ‘gabli
348 4611 400 4657 na.
413 4605 537 4683 divina,
574 4604 806 4674 Dunelmensis
847 4610 1024 4698 episcopus,
1063 4612 1202 4680 salutem
1243 4615 1280 4679 in
1321 4617 1462 4684 Domino
