3566 5712
495 811 696 862 rueramus
720 807 926 860 ranarmmr
947 811 1190 862 nurnnsrnusn
1302 800 1366 863 803

143 1005 302 1060 saumas.
317 1000 408 1087 apud
430 1000 587 1087 Rychale,
611 999 801 1086 recepimus,
831 1005 978 1064 tenorem
1009 1000 1069 1086 qui
1091 997 1240 1085 sequitur
1262 1001 1366 1066 conti·
1397 1001 1452 1049 Μ)-
1460 1010 1519 1052 ¹³1⁶·

315 1107 431 1169 nentes
443 1102 691 1168 :-Venerabili
714 1102 749 1166 in
773 1101 905 1168 Christo
928 1102 1023 1188 patri,
1060 1101 1193 1166 domino
1216 1102 1367 1180 Ricardo,

314 1205 377 1271 Dei
399 1207 516 1292 gratia,
532 1205 752 1270 Dunolmensi
775 1203 934 1290 episcopo,
959 1203 1102 1269 decanus
1126 1209 1161 1270 et
1183 1205 1366 1291 capitulum

314 1309 458 1374 ecclesiae
482 1307 579 1372 Beati
603 1306 695 1372 Petri
709 1305 930 1386 Eborac-ensis,
948 1306 1097 1371 custodes
1120 1306 1366 1392 spiritualitatis

314 1410 612 1497 archiepiscopatus
644 1407 801 1494 ejusdem,
832 1409 908 1474 sede
941 1413 1088 1486 vacante,
1120 1409 1268 1487 salutem,
1292 1431 1365 1474 cum

314 1513 499 1577 reverentia
520 1516 556 1576 et
580 1512 703 1577 honore
726 1509 847 1576 debitis
870 1513 965 1575 tanto
996 1510 1091 1596 patri.
1137 1509 1222 1576 Oum
1250 1532 1365 1597 nuper,

313 1613 355 1678 ad
377 1614 557 1678 utilitatem
579 1615 628 1678 rei
650 1613 801 1700 publicae,
825 1634 884 1698 pro
896 1611 1084 1677 defensione
1107 1613 1208 1698 regni,
1225 1619 1260 1676 et
1282 1635 1366 1698 prae·
1487 1659 1492 1668 ·

313 1716 407 1800 cipue
444 1715 589 1801 partium
618 1720 808 1780 nostrarum
848 1713 1043 1793 Boreulium,
1082 1718 1197 1779 contra
1242 1713 1364 1792 Scotoa

313 1837 452 1902 quorum
474 1816 663 1882 invasiones
686 1821 721 1882 et
752 1815 1016 1903 depraedationes
1048 1815 1154 1880 solitae
1176 1815 1213 1879 in
1239 1815 1363 1881 eisdem

313 1918 467 2004 partibus
489 1917 703 1984 verisimilius
726 1917 897 1983 formidari
919 1921 1085 2004 poterunt,
1109 1917 1175 1982 nisi
1196 1918 1364 1983 communi

314 2020 456 2102 oonsilio,
480 2021 522 2085 ad
544 2021 756 2086 rebellionem
780 2020 958 2085 eorundem
981 2019 1232 2101 refraenandum,
1249 2042 1365 2107 oppor·
1481 2015 1485 2023 ’

313 2121 405 2186 tunis
437 2128 626 2188 occurratur
657 2121 820 2198 remediis,
843 2125 878 2186 et
899 2120 1038 2198 festinis,
1063 2141 1122 2184 vos
1145 2123 1364 2207 peremptorie

313 2224 462 2305 citamus,
496 2230 530 2289 et
567 2245 625 2310 per
657 2245 716 2288 vos
749 2275 754 2287 .
796 2269 803 2286 .
845 2271 854 2286 .
892 2222 1033 2310 priorem
1065 2221 1208 2288 ecclesia
1245 2228 1364 2290 vestrae

314 2325 555 2403 Dunolmensis‚
588 2347 716 2391 necnon
751 2377 758 2391 .
793 2378 800 2390 .
834 2377 840 2390 .
873 2324 1010 2389 abbates
1042 2373 1048 2388 .
1083 2375 1090 2390 .
1127 2373 1136 2389 .
1171 2325 1305 2410 priores,
1330 2331 1365 2391 et

314 2448 426 2492 eorum
456 2433 645 2510 conventus,
680 2479 686 2492 .
723 2481 729 2493 .
762 2475 771 2491 .
805 2426 1050 2492 archidiaconos
1084 2431 1203 2493 vestrae
1238 2428 1364 2493 Dunol-

312 2529 433 2594 mensis
456 2529 612 2607 dispessis,
641 2550 698 2595 seu
729 2528 876 2615 ipsorum
910 2529 1215 2596 archidiaconorum
1247 2531 1363 2596 absen-

313 2632 398 2696 tium
420 2632 559 2708 vicarios
592 2631 768 2718 generales,
790 2631 930 2697 decanos
953 2631 1064 2709 etiam,
1097 2644 1132 2697 et
1162 2634 1361 2720 praepositoa

312 2733 557 2820 collegiatarum
579 2733 796 2812 ecclesiarum,
821 2755 949 2799 necnon
971 2733 1117 2819 capitula
1142 2735 1223 2820 ipsa,
1239 2740 1362 2801 totum-

312 2857 376 2920 quo
402 2836 533 2913 clerum,
565 2840 749 2901 vestrarum
784 2836 930 2902 civitatis
952 2839 986 2901 et
1009 2835 1167 2916 dioecesis‚
1190 2837 1252 2902 sub
1275 2843 1364 2904 certa

311 2935 424 3014 forma,
446 2958 514 3001 non
545 2942 597 3001 est
629 2937 695 3018 diu,
729 2938 919 3023 praemuniri
953 2942 987 3002 et
1019 2938 1115 3003 citari
1146 2941 1363 3026 peremptorie

311 3038 491 3118 fecerimus,
515 3037 648 3124 quoda
669 3039 724 3104 die
748 3039 883 3106 Paschae
906 3038 1024 3105 ultimo
1041 3039 1113 3125 jam
1137 3044 1304 3107 transacto
1326 3043 1360 3106 in

311 3161 415 3206 unum
437 3161 592 3219 mensem,
615 3162 724 3207 coram
748 3141 843 3207 nobis
865 3141 902 3205 in
928 3141 1052 3228 majore
1075 3141 1210 3208 ecclesia
1240 3142 1364 3209 Ebora·

311 3243 399 3307 censi
426 3242 585 3329 praedicta
610 3243 841 3329 compararetis
864 3247 899 3307 et
930 3248 1165 3329 comparerent,
1190 3249 1224 3308 et
1247 3244 1289 3308 ad
1311 3245 1361 3309 in-

311 3345 416 3411 vicem
447 3345 662 3412 convenirent
684 3344 728 3408 ad
762 3344 975 3410 tractandum
1008 3350 1043 3410 et
1071 3343 1258 3410 faciendum
1282 3349 1363 3413 tunc

312 3445 442 3524 ibidem,
464 3468 630 3513 unacum
653 3445 781 3511 caeteris
813 3445 970 3532 praelatis,
994 3499 1001 3512 .
1025 3497 1032 3510 .
1057 3498 1063 3511 .
1088 3445 1266 3512 abbatibus
1290 3498 1296 3510 .
1322 3499 1328 3511 .
1353 3496 1361 3512 .

312 3546 474 3633 prioribus
489 3552 524 3613 et
539 3546 613 3612 aliis
628 3547 669 3612 de
684 3547 770 3613 clero
785 3547 941 3628 civitatis,
958 3547 1108 3612 dioecesis
1124 3552 1159 3612 et
1174 3548 1362 3634 provinciae,

312 3647 575 3728 Eboracensium,
598 3670 696 3735 super
717 3648 881 3714 contentis
902 3649 939 3712 in
961 3649 1119 3714 mandato
1142 3650 1232 3736 regio
1266 3651 1362 3716 nobis

311 3750 347 3813 in
369 3749 430 3815 bac
455 3754 549 3835 parte
576 3751 706 3830 directo,
734 3750 823 3835 quod
849 3751 1016 3816 communi
1041 3750 1210 3817 videretur
1235 3752 1362 3838 judicio

311 3849 505 3931 faciendum,
535 3857 635 3938 prout
657 3851 693 3916 in
723 3851 881 3917 mandato
911 3855 1025 3916 nostro
1052 3853 1147 3918 vobis
1175 3875 1273 3940 super
1298 3853 1360 3919 hoc

314 3951 404 4038 prius
426 3951 552 4016 directo
573 3953 702 4038 plenius
724 3953 930 4020 continetur:
953 3953 1042 4018 inter
1065 3975 1147 4038 quos
1162 3954 1297 4040 quidam
1320 3941 1362 4020 de

312 4051 432 4116 vestris
453 4051 590 4118 civitate
613 4058 648 4118 et
669 4053 803 4122 dioecesi
825 4076 883 4141 per
897 4076 958 4120 vos
985 4055 1089 4132 citati,
1103 4055 1267 4133 videlicet,
1290 4107 1297 4120 .
1322 4109 1328 4123 .
1352 4107 1360 4123 .

312 4151 448 4219 abbates
469 4154 740 4220 monasteriorum
762 4156 804 4221 de
826 4155 1012 4241 Alnewyk’‚
1034 4157 1076 4221 de
1099 4155 1197 4222 Novo
1231 4156 1362 4223 Menas·

313 4253 406 4331 torio,
428 4254 469 4320 de
503 4252 590 4319 Alba
621 4254 744 4334 Lauda,
775 4277 813 4322 ac
847 4256 992 4346 capitula
1026 4256 1214 4335 eorundem,
1235 4279 1362 4324 necnon

315 4356 438 4440 priores
472 4356 515 4421 de
538 4355 772 4442 Brynkeburn’
794 4362 828 4423 et
850 4357 891 4424 de
915 4357 1126 4444 Tynemuth’,
1149 4380 1187 4425 ao
1216 4360 1363 4446 ipsorum

313 4462 503 4540 conventus,
536 4458 658 4544 saepius
694 4458 915 4545 praeconizati
952 4465 986 4524 et
1022 4459 1147 4526 diutius
1186 4465 1359 4548 expectati,

308 4557 409 4642 juxta
430 4559 570 4625 formam
597 4561 864 4646 praemunitionis
888 4565 923 4626 et
944 4561 1110 4628 citationis
1126 4564 1359 4648 praedictarum

314 4660 357 4724 ad
389 4661 475 4726 diem
508 4667 543 4727 et
571 4662 679 4728 locum
709 4663 883 4749 praedictos
911 4685 1020 4730 coram
1052 4664 1147 4730 nobis
1176 4687 1360 4753 comparere

323 4762 514 4830 nullatenus
536 4770 755 4846 curaverunt;
777 4772 910 4853 propter
932 4767 1029 4852 quod,
1054 4767 1142 4854 ipsos
1156 4775 1361 4840 contumaces

1167 4891 1224 4952 12
