3524 5716
284 1011 340 1053 nl).
349 1013 406 1056 ml.

268 1091 309 1134 the
318 1103 398 1134 maner

267 1143 415 1236 street.

436 816 521 880 1236
616 825 817 876 neorsrsun
840 826 1042 875 rsmrruuu
1064 825 1308 874 urrunnususs.

435 1008 476 1072 de
499 1007 721 1086 Weleworth’,
744 1028 818 1072 cum
853 1005 1006 1070 omnibus
1036 1004 1248 1090 pertinentiis
1278 1004 1356 1081 suis,
1377 1011 1419 1068 ut
1451 1003 1487 1066 in

436 1109 616 1187 dominicis,
633 1105 828 1193 v'illenagiis,
844 1129 917 1171 cum
941 1105 1073 1170 villanis
1098 1111 1132 1170 et
1157 1105 1332 1190 villenagia
1359 1105 1418 1168 illa
1440 1115 1490 1168 te-

436 1210 599 1285 nentibus,
617 1216 651 1275 et
676 1209 819 1274 servitiis
835 1209 1012 1272 liberorum
1032 1207 1212 1284 homiuum,
1229 1229 1303 1271 cum
1327 1207 1489 1292 homagiis

436 1317 471 1376 et
502 1311 694 1386 redditibus,
728 1315 762 1374 et
795 1309 947 1374 omnibus
980 1308 1053 1372 aliis
1084 1309 1296 1394 pertinentiis
1337 1309 1377 1372 ad
1405 1331 1489 1394 prae-

437 1412 562 1477 dictum
601 1411 784 1476 manerium
817 1415 852 1475 et
874 1409 1066 1496 praedictam
1097 1409 1213 1473 villam
1236 1409 1486 1499 pertinentibus,

437 1519 535 1598 prout
558 1512 687 1598 plenius
719 1511 909 1578 continetur
930 1511 966 1574 in
988 1514 1079 1575 carta
1101 1531 1201 1595 quam
1217 1510 1393 1596 praedictus
1417 1511 1487 1575 Gil-

437 1615 550 1678 bertus
573 1613 650 1678 inde
672 1613 929 1699 fecitpraedioto
953 1611 1121 1692 Robert03
1152 1611 1333 1678 tenendum
1366 1619 1400 1676 et
1427 1611 1487 1676 ha-

436 1715 582 1780 bendum
615 1714 720 1780 eidem
744 1714 896 1792 Roberto,
918 1713 1104 1779 haeredibus
1127 1713 1203 1789 suis,
1227 1713 1280 1778 vel
1303 1713 1488 1800 assignatis,

437 1817 478 1880 de
501 1817 635 1880 domino
658 1817 806 1902 episcopo
834 1815 1057 1894 Dunelmenei,
1081 1815 1215 1902 capitali
1246 1815 1380 1880 domino
1401 1815 1489 1880 feodi
1544 1823 1548 1828 '

437 1917 534 1994 illius,
557 1923 592 1982 et
614 1916 851 1982 successoribus
873 1917 940 1982 suis
972 1916 1008 1980 in
1043 1922 1247 2001 perpetuum,
1273 1938 1330 2001 per
1353 1917 1490 1982 servitia

438 2041 512 2104 quie
561 2017 602 2082 ed
639 2022 829 2082 tenemento
866 2017 925 2082 illa
973 2017 1161 2103 pertinent;
1197 2017 1287 2082 idem
1325 2016 1489 2082 Robertus

438 2119 616 2184 Haunsard
639 2118 806 2195 concessit,
821 2139 881 2204 pro
904 2139 937 2182 ee
961 2121 995 2182 et
1024 2117 1210 2182 haeredibus
1237 2118 1315 2196 suis,
1337 2119 1391 2183 vel
1421 2120 1489 2186 suis

438 2221 622 2305 assignatis,
637 2241 671 2285 se
686 2220 792 2284 teneri
808 2219 964 2305 praedicto
981 2217 1139 2294 Gilberto,
1154 2219 1189 2282 in
1213 2224 1287 2284 tota
1300 2219 1373 2284 vita
1386 2219 1490 2305 ipsius

439 2321 589 2398 Gilberti,
620 2343 678 2406 pro
700 2320 857 2406 praedicto
883 2321 1028 2384 manerio
1059 2326 1093 2385 et
1122 2320 1291 2406 praedicta·
1303 2320 1385 2384 villa
1413 2342 1488 2386 cum

439 2423 590 2487 omnibus
613 2423 680 2486 suis
706 2421 922 2507 pertinentiis,
938 2426 976 2486 ut
999 2422 1193 2506 praedictum
1216 2431 1275 2500 est,
1298 2423 1334 2485 in
1357 2425 1490 2487 centum

439 2531 474 2590 et
496 2525 607 2608 decem
634 2524 751 2588 marcis
773 2523 1004 2609 sterlingorum
1027 2523 1123 2588 bonae
1146 2528 1180 2588 et
1202 2523 1316 2610 legalis
1339 2515 1489 2602 monetae,

439 2630 614 2694 annuatim
652 2627 826 2708 solvendis,
849 2627 886 2691 in
916 2633 990 2693 tota
1020 2627 1093 2693 vita
1126 2627 1230 2713 ipsius
1263 2628 1414 2722 Gillierti,
1446 2630 1491 2694 ad

440 2731 521 2795 duos
543 2729 621 2794 anni
638 2729 801 2807 terminos,
825 2729 987 2805 videlicet,
1007 2729 1219 2795 medietatem
1241 2729 1278 2794 in
1300 2731 1354 2795 die
1375 2731 1490 2796 Domi·

440 2831 515 2895 nica
537 2831 687 2916 proxime
709 2836 786 2917 post
801 2831 933 2896 octabas
957 2829 1088 2896 Sanctae
1110 2830 1285 2897 Trinitatis
1301 2837 1336 2896 et
1349 2831 1490 2898 altemm

439 2931 652 2996 medietatem
675 2931 711 2994 in
733 2931 818 2997 sesto
841 2931 955 2997 Sancti
970 2931 1138 2996 Edrnundi
1161 2932 1246 3018 regis
1268 2939 1303 2998 et
1324 2935 1490 3018 martyris,

439 3054 498 3118 pro
521 3033 610 3096 omni
633 3032 776 3097 servitio.
823 3031 993 3098 Concessit
1008 3031 1109 3098 etiam
1131 3033 1219 3096 idem
1243 3033 1416 3111 Robertus,
1431 3057 1492 3121 pro

440 3159 474 3202 se
497 3144 532 3203 et
552 3136 739 3202 haeredibus
770 3137 847 3214 suis,
870 3143 904 3202 et
936 3137 1004 3202 suis
1026 3138 1209 3224 assignetis,
1233 3140 1372 3222 quodsi
1403 3141 1492 3206 defe-

443 3239 558 3316 cerint,
580 3239 690 3325 aliquo
713 3261 788 3305 casu
807 3239 1030 3325 contingente,
1045 3239 1081 3302 in
1097 3238 1259 3304 solutione
1274 3241 1439 3326 praedicta,
1455 3243 1492 3306 in

440 3347 513 3406 toto
536 3341 589 3406 vel
611 3341 648 3406 in
681 3347 784 3426 perte,
811 3340 855 3404 ed
876 3340 1018 3424 aliquem
1052 3341 1240 3418 terminum,
1263 3342 1346 3407 bene
1378 3342 1492 3409 licebit

440 3442 597 3528 praedicto
612 3441 761 3507 Gilberto
777 3441 972 3527 distringere
995 3442 1189 3525 praedictum
1205 3444 1397 3520 manerium,
1413 3465 1490 3510 cum

441 3544 601 3629 praedicta
633 3543 715 3608 villa
746 3547 780 3608 et
811 3563 886 3607 cum
919 3542 1071 3608 omnibus
1103 3543 1170 3607 suis
1201 3545 1420 3629 pertinentiis,
1452 3551 1493 3611 ut

441 3645 634 3730 praedictum
658 3648 714 3722 est,
738 3643 779 3708 ed
796 3663 1066 3728 quorumcunque
1088 3665 1206 3709 manus
1228 3647 1387 3731 praedi'ota
1400 3651 1492 3712 tene-

442 3753 554 3810 mento
585 3745 787 3819 devenerint,
822 3766 925 3829 usque
957 3743 999 3808 ad
1030 3745 1161 3830 plenam
1184 3745 1379 3813 solutionem
1409 3771 1493 3834 prae·

442 3847 539 3912 dictae
569 3847 672 3912 firmae
698 3845 881 3912 ttciendam
904 3846 1063 3932 praedicto
1086 3845 1243 3923 Gilberto,
1266 3849 1302 3912 in
1324 3854 1398 3914 tota
1419 3851 1493 3914 vita

441 3948 544 4033 ipsius
567 3946 711 4012 Gilberti
735 3952 875 4012 tentum.
924 3947 970 4010 Et
990 3947 1165 4025 sciendum,
1182 3951 1270 4033 quod
1285 3950 1411 4035 primus
1427 3957 1493 4016 ter·

443 4049 552 4114 minus
574 4048 745 4114 solutionis
778 4049 882 4113 finnae
905 4049 1102 4134 supradictae
1134 4048 1271 4136 incipiet
1303 4051 1346 4117 ad
1371 4053 1493 4118 festum

444 4151 559 4216 Sancti
581 4149 748 4214 Edmundi
771 4151 857 4236 regis
879 4156 914 4214 et
935 4150 1100 4236 martyris,
1123 4171 1210 4216 enno
1225 4151 1361 4217 Domini
1380 4169 1491 4221 M⁰.cc⁰.

444 4251 652 4337 nonagesimo
674 4251 787 4336 primo.
846 4250 891 4314 Et
914 4254 989 4334 post
1019 4250 1184 4316 decessum
1214 4253 1318 4339 ipsius
1340 4255 1492 4334 eilberti,

443 4353 620 4439 praedictus
654 4351 816 4416 Robertus
850 4357 884 4415 et
915 4350 1061 4417 haeredes
1090 4353 1150 4430 sui,
1174 4359 1209 4418 et
1238 4355 1291 4419 sui
1324 4357 1493 4444 assignati,

445 4454 549 4540 quieti
572 4460 669 4519 erunt
699 4453 739 4517 de
762 4452 924 4518 solutione
954 4458 989 4517 et
1022 4453 1226 4520 districtione
1257 4457 1423 4542 preedictis
1456 4460 1493 4524 in

445 4559 647 4642 perpetuum.
694 4554 735 4618 In
765 4553 858 4638 cujus
881 4553 929 4617 rei
951 4553 1185 4632 testimonium,
1211 4559 1337 4623 mutuis
1363 4560 1493 4645 scriptis

446 4655 555 4741 sigilla
577 4655 807 4740 praedictorum
831 4655 969 4720 Gilberti
993 4661 1028 4722 et
1051 4656 1187 4723 Roberti
1210 4661 1390 4726 mutuatim
1412 4669 1493 4728 sunt
