3524 5716
518 820 943 874 nuo1srsuursmr1uun
966 820 1206 872 comumnes.
1303 804 1388 875 1175

173 1008 447 1082 eunomianum
469 1008 629 1086 redditus,
651 1008 691 1073 de
714 1008 811 1073 domo
833 1007 992 1072 Willelmi
1020 1006 1158 1074 Oissoris
1188 1009 1225 1071 in
1255 1007 1390 1074 Sonter·
1419 1017 1542 1066 siv-1³12.

342 1110 458 1197 path';
481 1115 514 1176 et
538 1110 705 1176 cellarium
727 1109 904 1175 fundatum
926 1109 967 1174 de
990 1110 1051 1175 sub
1077 1109 1202 1197 capella
1225 1109 1389 1197 praedicta.

343 1211 542 1297 Capelianus
564 1233 651 1290 vero,
675 1210 732 1296 qui
755 1232 814 1297 pro
836 1215 985 1296 tempore
1010 1211 1107 1278 dictae
1130 1211 1262 1298 capellae
1285 1210 1391 1276 deser-

343 1314 421 1390 viet,
439 1313 588 1398 quotidie
607 1313 740 1379 missam
763 1332 822 1399 pro
845 1311 1006 1391 fidelibus,
1022 1317 1143 1398 praeter
1163 1313 1200 1377 in
1221 1313 1313 1378 festis
1329 1314 1388 1378 du-

339 1415 479 1500 plicibus
501 1421 536 1480 et
557 1416 595 1480 in
616 1415 732 1480 diebus
754 1414 947 1492 Dominicis,
969 1419 1004 1479 et
1025 1414 1389 1480 commemorationibus

339 1519 448 1584 beatae
471 1516 593 1595 Mariae,
616 1518 653 1581 in
679 1517 768 1583 dicte
797 1517 922 1602 capella
950 1516 1137 1593 celebrabit,
1160 1522 1195 1581 et
1224 1515 1387 1602 praecipue

340 1619 454 1686 diebus
476 1619 773 1686 anniversariorum
788 1623 983 1696 nostrorum,
1006 1619 1043 1682 in
1065 1619 1201 1683 solemni
1215 1623 1386 1705 apparatu,

339 1727 378 1786 ut
408 1723 445 1786 in
459 1723 603 1808 'perenni
634 1721 814 1788 habeamur
845 1722 1020 1802 memoria;
1054 1725 1089 1786 et
1120 1720 1208 1786 dicet
1239 1719 1387 1805 quotidie

337 1823 502 1890 “Placebo
534 1828 569 1890 et
602 1823 744 1910 Dirige,'’
783 1845 856 1889 cum
879 1823 1161 1890 commendatione
1192 1821 1387 1888 animarum.

338 1925 512 1992 Triennale
535 1926 588 1992 vel
611 1925 835 1992 anniversa-lia
857 1926 992 1990 minime
1022 1925 1166 2010 recipiet,
1189 1945 1250 1989 nec
1279 1922 1385 2003 faciet,

337 2033 519 2115 spontanea
562 2028 665 2094 etiam
703 2028 876 2094 voluntate
910 2027 1062 2092 intendet
1099 2026 1189 2092 horis
1222 2027 1387 2092 canonicis

337 2131 374 2194 in
398 2130 533 2196 ecclesia
554 2130 645 2196 beati
668 2128 822 2194 Nicholai
845 2129 1085 2210 Dunelmensis,
1109 2133 1144 2193 et
1165 2127 1264 2192 fidem
1287 2127 1387 2192 faciet

336 2232 454 2297 rectori
476 2232 643 2318 praedictse
666 2230 814 2308 ecclesiae,
839 2231 897 2318 qui
918 2253 977 2318 pro
998 2236 1145 2317 tempore
1167 2230 1275 2306 fuerit,
1298 2229 1386 2314 quod

326 2332 447 2419 aipsum
470 2331 616 2398 servabit
638 2333 836 2397 indemnem.
880 2332 1101 2398 Donationem
1120 2352 1197 2396 vero
1220 2332 1386 2417 saepedicti

337 2434 489 2500 beneficii
520 2434 656 2501 fecimus
687 2435 758 2499 Deo
789 2440 824 2499 et
853 2436 952 2500 beato
983 2433 1116 2514 Jacobo,
1147 2454 1186 2499 ac
1219 2434 1321 2521 priori
1352 2441 1387 2499 et

338 2538 517 2602 conventui
545 2535 779 2603 Dunelmensis
811 2538 960 2614 ecclesias,
993 2536 1086 2602 salva
1107 2534 1200 2614 mihi,
1228 2535 1386 2620 praedicto

339 2637 474 2704 Thomas
489 2638 558 2704 filio
581 2639 717 2718 Lewini,
732 2641 769 2704 in
784 2640 855 2705 vita
876 2660 959 2717 meu,
980 2638 1085 2703 libera
1099 2637 1386 2724 administratione

337 2745 373 2804 et
395 2739 572 2806 donatione
602 2741 754 2828 praedicti
775 2742 947 2820 beneficii3
979 2743 1029 2806 ita
1059 2747 1099 2806 ut
1127 2741 1183 2806 ille
1210 2761 1307 2826 quem
1336 2741 1387 2804 in-

337 2840 446 2920 stitui,
461 2842 515 2907 vel
537 2841 722 2922 instituero,
745 2865 804 2910 suo
827 2849 985 2931 perpetuo
1008 2843 1097 2910 dicto
1121 2843 1263 2930 gaudeat
1286 2844 1385 2909 benc-

336 2942 434 3022 ficio;
468 2950 503 3008 et
524 2944 606 3010 dicti
628 2945 718 3031 prior
740 2952 774 3011 et
796 2950 986 3024 conventus,
1008 2948 1085 3032 post
1107 2949 1247 3010 mortem
1269 2966 1385 3024 meam,

335 3046 520 3129 naturalem
549 3048 604 3112 vel
634 3047 774 3126 civilem,
804 3049 972 3135 praediaae
1001 3048 1133 3135 capellas
1163 3051 1198 3112 et
1226 3046 1385 3114 beneficio

336 3148 540 3233 provideant,
555 3153 591 3215 et
604 3150 658 3215 cui
672 3151 840 3216 voluerint
862 3151 1038 3237 capellano,
1058 3149 1235 3214 dummodo
1258 3149 1384 3229 idoneo,

335 3255 410 3334 post
441 3250 605 3316 decessum
637 3252 740 3338 ipsius
771 3273 829 3338 per
861 3274 913 3318 me
944 3253 1103 3332 instituti,
1127 3251 1303 3331 conferant,
1327 3252 1385 3338 qui

337 3349 408 3415 Deo
430 3356 466 3416 et
487 3351 585 3418 dictoe
615 3353 747 3440 capellae
777 3355 874 3420 modo
905 3355 1094 3440 praescripto
1123 3354 1292 3418 deserviet
1339 3355 1385 3418 Et

334 3452 364 3516 si
396 3453 432 3516 in
463 3453 574 3540 sliquo
590 3443 732 3520 'crimine
754 3456 886 3543 publico
908 3477 965 3521 seu
987 3455 1125 3531 notorio,
1141 3456 1194 3519 vel
1216 3454 1281 3520 alio
1304 3476 1384 3540 quo·

336 3553 418 3618 libet
439 3557 535 3641 gravi
557 3556 686 3636 delicto,
709 3558 904 3644 capellanus,
932 3557 991 3642 qui
1021 3578 1081 3642 pro
1106 3561 1253 3642 tempore
1284 3555 1383 3622 dictae

336 3657 468 3741 capellae
490 3658 660 3740 deserviet,
691 3658 793 3725 fuerit
824 3647 1051 3745 deprehensus,
1083 3657 1264 3746 supradicti
1294 3657 1383 3743 prior

250 3847 252 3851 ι
336 3761 372 3821 et
385 3766 565 3828 conventus
586 3761 734 3843 eundem,
755 3759 846 3827 omni
867 3761 1026 3827 dilatione
1048 3763 1183 3838 remota,
1198 3764 1382 3836 amoveant,
1402 3747 1405 3752 ¹

335 3863 369 3923 et
391 3859 493 3924 alium
515 3862 671 3928 idoneum
693 3865 764 3931 loco
786 3863 857 3948 ejus
886 3885 947 3951 pro
976 3862 1071 3929 libito
1102 3883 1169 3928 suas
1198 3861 1383 3927 voluntatis

335 3962 550 4031 substituant.
598 3965 792 4051 Quicunque
815 3971 926 4032 autem
957 3965 1019 4030 hoc
1043 3963 1239 4030 beneficium
1265 3984 1381 4028 manu-

333 4065 512 4145 tenuerint,
535 4067 590 4131 vel
611 4067 648 4131 in
670 4067 779 4153 aliquo
801 4065 958 4133 beneficio
980 4069 1040 4130 aut
1062 4064 1195 4130 redditu
1225 4085 1381 4151 augmen·

333 4165 487 4245 taverint,
511 4165 597 4254 ipsos
627 4169 800 4235 missarum
833 4173 868 4234 et
902 4170 1087 4233 orationum
1121 4188 1195 4252 quse
1224 4166 1261 4229 in
1292 4165 1382 4231 dicta

334 4269 458 4354 capella
479 4268 575 4347 fiunt,
609 4292 666 4336 seu
697 4270 789 4350 fient,
822 4270 973 4335 volumus
1006 4272 1041 4334 et
1072 4267 1278 4334 concedimus
1308 4266 1380 4332 fieri

332 4370 518 4457 participes.
564 4374 675 4460 siqui
691 4378 811 4451 autem,
828 4371 892 4438 Dei
907 4372 1025 4437 timore
1046 4371 1237 4457 postposito,
1254 4369 1380 4434 dictum

333 4478 528 4543 beneficium
561 4476 749 4554 minuerint,
785 4495 842 4539 seu
873 4474 909 4537 in
942 4473 1052 4558 aliquo
1087 4472 1380 4549 damnificaveriut,

332 4581 438 4649 sciant
459 4601 493 4645 se
517 4578 579 4644 Dei
599 4576 870 4655 maledictionem,
886 4581 919 4640 et
943 4574 1031 4640 beati
1052 4573 1169 4640 Jscobi
1184 4578 1219 4639 et
1233 4575 1379 4640 omnium
