3566 5712
503 839 701 898 nnorsrnuu
724 844 926 896 rsmrrnuu
948 847 1190 900 nunnnunusr.
1306 839 1368 900 821

154 1032 430 1102 mutassetis
452 1033 685 1100 Dunolmensis
707 1041 785 1099 suut
808 1035 878 1099 veri
902 1035 1033 1120 patroni
1064 1035 1208 1120 ejusdem
1231 1035 1371 1115 vicariae,
1400 1053 1516 1100 annio

325 1147 359 1202 et
374 1135 417 1200 ad
440 1156 512 1200 eam
535 1139 682 1222 tempore
705 1135 794 1222 pacis
817 1135 935 1201 ultimo
958 1142 1211 1222 praesentarunt,
1236 1142 1269 1202 et
1293 1143 1371 1202 sunt

325 1237 360 1303 in
394 1237 595 1324 possessione
632 1237 861 1323 praesentandi.
915 1237 1013 1302 Valet
1049 1239 1220 1304 annuatim
1260 1239 1370 1304 decem

326 1361 450 1406 morosa
488 1339 728 1426 sterlingorum.
788 1341 843 1404 An
880 1341 925 1404 sit
963 1341 1177 1426 pensionaria,
1208 1340 1370 1428 ignorant.

327 1442 406 1508 Non
431 1446 482 1506 est
512 1441 664 1527 litigiosa.
711 1440 836 1506 Dicunt
869 1441 1011 1527 insuper,
1033 1443 1121 1528 quod
1154 1447 1372 1528 praesentatus

327 1549 378 1610 est
393 1543 537 1623 idoneus,
553 1543 649 1608 bonae
665 1548 699 1608 et
713 1543 860 1608 honestae
875 1544 1141 1624 conversationis,
1158 1545 1243 1610 etin
1258 1545 1371 1611 ordine

326 1644 521 1712 sacerdotali
543 1644 754 1722 constitutus,
778 1665 838 1710 neo
860 1651 911 1710 est
941 1645 1021 1710 alibi
1055 1645 1275 1712 beneficiatus.
1321 1647 1371 1712 De

326 1749 400 1815 aliis
431 1753 542 1813 autem
583 1747 730 1813 antistitis
752 1754 786 1813 et
816 1749 1071 1814 circumstantiis
1102 1750 1371 1840 requisiti,nihil
1426 1791 1431 1804 ·
1502 1793 1507 1805 ·

326 1851 435 1916 sciunt
458 1848 627 1936 deponere.
672 1849 714 1913 In
736 1849 829 1934 eujus
850 1851 898 1915 rei
924 1851 1158 1942 testimonium,
1181 1851 1266 1918 hano
1288 1873 1370 1938 prse-

326 1957 453 2017 sentem
475 1950 727 2036 inquisitionem
750 1951 812 2016 sub
835 1951 942 2038 sigillo
963 1973 1046 2030 meo,
1069 1973 1232 2018 unacum
1255 1953 1371 2040 sigillis

327 2075 440 2119 eorum
477 2074 535 2137 per
566 2073 647 2137 quos
680 2051 871 2138 hujusmodi
905 2053 967 2118 feci
998 2052 1255 2139 inquisitionem,
1277 2056 1373 2121 vobis

326 2153 516 2220 transmitto
531 2155 765 2239 consignatam.
811 2155 937 2220 Datum
959 2155 1048 2241 apud
1063 2155 1197 2220 Novum
1221 2156 1372 2221 Castrum

329 2276 428 2342 super
471 2255 610 2340 Tyriam,
641 2255 727 2319 xixo.
762 2255 828 2322 kal.
862 2255 1074 2342 Septembris,
1113 2276 1200 2322 anno
1238 2257 1373 2323 Domini

327 2356 475 2443 superius
497 2359 664 2421 annotato.

681 2560 850 2640 Ricardus,
881 2563 951 2637 etc,
981 2560 1100 2627 dilecto
1129 2561 1208 2640 filio,
1238 2561 1371 2628 domino
1385 2580 1523 2626 institution

327 2628 587 2692 1⁰⁸¹¹¹¹¹²¹⁰⁶³¹¹⁸dm
636 2660 782 2726 Roberto
804 2661 845 2726 de
868 2661 1070 2728 Esshenden’
1070 2663 1269 2779 ,capellano
1286 2664 1372 2730 salu-
1384 2632 1543 2776 ἓξὲξ

330 2769 407 2840 tem,
426 2762 570 2849 gratiam
592 2766 627 2827 et
648 2762 917 2829 benedictionem.
971 2763 1026 2827 Ad
1049 2764 1207 2830 vicariam
1230 2765 1372 2832 eoolesiae
1385 2782 1515 2884 pappum·

329 2866 370 2930 de
392 2862 600 2950 Edlingham,
615 2869 736 2930 vacant
738 2885 798 2942 em,
821 2885 896 2950 quae
921 2865 964 2930 ud
986 2868 1272 2952 praesentationem
1298 2832 1402 2933 reli-ll

327 2967 491 3054 giosorum
515 2965 1065 3051 virorum,pnor1setconventus
1089 2968 1230 3034 ecclesiae
1251 2991 1311 3034 nos
1313 2974 1373 3035 trae

329 3066 563 3134 Dunolmensis
595 3067 760 3153 pertinere
794 3066 985 3148 dinoscitur,
1016 3076 1113 3156 prout
1144 3093 1203 3156 per
1236 3069 1372 3157 inquisi-

328 3170 462 3247 tionem,
485 3189 583 3254 quam
606 3189 704 3255 super
728 3169 791 3235 hoo
814 3171 887 3234 fieri
909 3171 1053 3251 fecimus,
1076 3171 1172 3259 plene
1194 3173 1307 3260 liquet,
1330 3179 1373 3252 te,

327 3271 369 3337 ed
392 3269 567 3335 eorundem
591 3271 888 3355 praesentationem,
903 3271 1120 3354 admittimus,
1144 3277 1187 3350 et,
1202 3295 1277 3338 cum
1297 3295 1375 3338 cura

327 3377 362 3437 et
377 3393 474 3437 onere
497 3371 676 3457 personalis
698 3371 895 3450 residentiae,
916 3378 1112 3459 perpetuum
1142 3373 1300 3439 vicarium
1324 3376 1374 3439 in-

327 3472 497 3538 stituimus
529 3471 566 3536 in
599 3472 720 3538 eadem
775 3473 817 3536 In
852 3473 945 3558 cujus
975 3474 1024 3539 rei
1056 3475 1291 3552 testimonium,
1313 3475 1373 3540 has

326 3575 438 3641 literas
461 3579 589 3638 nostras
611 3573 676 3639 tibi
698 3574 770 3639 fieri
799 3574 936 3639 fecimus
964 3581 1123 3662 patentes,
1145 3576 1246 3663 sigilli
1268 3577 1373 3641 nostri

326 3676 508 3744 munimine
539 3675 716 3742 roboratas.
773 3677 898 3742 Datum
929 3678 1018 3762 apud
1053 3677 1232 3755 Nabourn',
1263 3679 1372 3766 xviijo.

326 3779 380 3846 die
402 3777 555 3864 Augusti,
578 3798 667 3842 anno
689 3777 825 3842 Domini
855 3777 1027 3845 millesimo
1050 3777 1217 3867 eoc⁰.xvj⁰.,
1241 3786 1275 3846 et
1297 3803 1372 3846 con-

327 3877 518 3950 secrationis
542 3882 663 3946 nostrae
685 3884 789 3945 sexto.

539 4082 789 4149 Memorandum
811 4084 899 4169 quod
915 4083 1038 4149 eisdem
1057 4083 1119 4163 die,
1134 4105 1222 4148 anno
1237 4088 1271 4148 ot
1293 4083 1371 4161 loco,
1384 4103 1510 4149 Incusum
1517 4107 1543 4149 ot

327 4151 453 4203 1⁰d¹¹⁰t¹⁰
493 4183 685 4248 mandatum
716 4182 810 4250 fuit.
833 4184 1091 4252 ,archidiacono
1114 4185 1371 4266 Northumbrise,
1363 4135 1511 4249 iistis

327 4283 432 4350 vol
403 4305 503 4369 eJus.
527 4283 695 4365 .officiali,
712 4284 831 4370 quod
822 4306 929 4370 ipsum
948 4273 1117 4350 domiuum
1139 4285 1346 4351 Robertum'
1337 4237 1528 4352 Ilionenses„

327 4387 525 4471 corporalem
548 4385 783 4472 possessionem
805 4386 971 4471 praediotae
992 4386 1123 4452 vicariae
1147 4387 1324 4464 induceret,
1303 4392 1374 4453 tet

328 4486 501 4552 inductum
524 4487 678 4553 canonice
701 4486 889 4552 defenderet
911 4487 947 4550 in
970 4487 1092 4554 eadem.
