3362 5720
407 836 606 888 cumsrnuu
630 835 832 890 eruturum
856 837 1096 890 murmurose.
1192 826 1278 890 1269

57 1025 372 1113 mummasignatis
418 1025 494 1106 suis,
532 1031 646 1093 contra
677 1047 789 1094 omnes
826 1031 941 1114 gentes
986 1028 1278 1094 warantizabimus
1312 1037 1434 1086 tum-t

228 1129 265 1192 in
279 1135 487 1217 perpetuum.
534 1129 577 1194 In
599 1131 693 1216 cujus
715 1131 765 1196 rei
778 1129 1018 1210 testimonium,
1033 1131 1179 1217 sigillum
1202 1152 1277 1196 nos·

228 1236 318 1296 trum
340 1231 728 1318 praesentibus'duximus
750 1234 990 1320 apponendum.
1028 1233 1105 1298 Hiis
1127 1232 1277 1309 testibus,

229 1333 378 1412 dominis,
394 1333 540 1399 Waltero
555 1334 596 1399 de
611 1331 842 1422 Wessington’‚
858 1334 999 1400 Ricardo
1014 1335 1056 1399 de
1079 1334 1278 1420 Bouthbiry,

228 1435 399 1514 militibus,
430 1436 506 1501 Ada
537 1435 578 1501 de
611 1437 747 1523 Boghes‚
770 1442 852 1502 tunc
885 1437 1077 1502 vicecomite
1110 1437 1278 1515 Dunelmi,

227 1537 391 1603 Willelmo
424 1536 557 1603 domino
591 1537 632 1602 (16
655 1538 808 1617 Neuton’,
830 1539 985 1605 Johenue
1006 1538 1073 1604 filio
1103 1537 1276 1618 Johannis,

226 1641 324 1705 Petro
356 1638 409 1704 del
446 1639 552 1717 Orok’,
587 1640 662 1705 Elia
693 1640 734 1705 de
767 1640 899 1722 Ooken',
932 1645 967 1706 et
1004 1640 1084 1705 aliis.
1148 1638 1275 1705 Datum

225 1742 314 1828 apud
338 1740 469 1826 Orayk’,
492 1738 552 1806 ix0.
576 1741 629 1808 die
652 1742 851 1821 Decembris,
872 1764 959 1809 auno
982 1742 1119 1808 Domini
1141 1750 1270 1810 M⁰.ccc⁰.

226 1842 479 1930 quartodecimo,
497 1847 537 1909 'et
558 1845 809 1913 consecrationis
832 1849 954 1912 nostrae
977 1849 1103 1932 quarto.

322 2039 379 2081 'U
513 2045 531 2082 U
666 2045 684 2082 U
818 2045 837 2082 U
973 2041 991 2078 U
1127 2043 1172 2082 Ul
1326 2079 1397 2124 'nm'

249 2147 267 2184 U
313 2144 331 2181 U
377 2145 396 2182 U
442 2147 460 2183 1
506 2149 670 2234 quondam
701 2147 813 2212 lenulli
842 2169 879 2213 1n
902 2147 1043 2233 quodam
1067 2168 1182 2234 Campo
1218 2147 1276 2235 qni
1288 2139 1443 2238 ¹tltleloclldldlolr

225 2255 363 2318 vocatur
387 2249 669 2327 “Fulmarbatte‚’'
692 2249 780 2316 inter
802 2249 930 2336 Rouley
958 2255 992 2314 et
1015 2247 1218 2335 Mikkeleye,
1242 2255 1276 2315 et
1289 2240 1406 2344 ξῇζξζω

225 2352 405 2419 octodecim
437 2372 540 2431 acras,
562 2373 637 2438 quoe
659 2354 822 2418 vocantur
845 2349 1208 2438 “Saltwyymbeved',’'
1232 2374 1275 2418 ex
1287 2339 1444 2437 ffffmffld

225 2459 319 2540 parte
350 2453 497 2532 australi,
525 2453 627 2540 juxta
658 2457 780 2519 terram
814 2453 981 2538 quondam
1015 2453 1098 2519 dicti
1128 2453 1273 2532 Oliveri;
1288 2440 1318 2486 ‘¹⁰
1331 2471 1337 2486 ·

224 2554 413 2620 habendum
436 2560 472 2620 et
503 2554 684 2620 tenendum
707 2554 818 2619 omnia
852 2554 943 2621 dicta
975 2559 1175 2634 tenemento,
1197 2577 1273 2621 oum

223 2656 291 2721 suis
322 2655 541 2742 pertinentiis,
565 2655 733 2742 praedictis
764 2655 930 2720 Willelmo
964 2661 998 2721 et
1032 2655 1214 2734 Oristianae,
1238 2661 1273 2723 et

223 2757 408 2824 haeredibus
442 2757 483 2822 de
514 2757 703 2843 corporibus
737 2756 805 2822 suis
828 2757 1035 2838 exeuntibus,
1059 2758 1101 2822 de
1122 2757 1217 2822 nobis
1239 2762 1274 2824 et

223 2858 460 2926 successoribus
482 2859 623 2940 nostris3
654 2858 822 2926 reddendo
853 2859 931 2924 inde
961 2859 1134 2924 annuatim
1166 2859 1271 2941 nobis,

222 2964 257 3026 et
271 2961 508 3026 successoribus
523 2959 652 3039 nostris,
667 2960 807 3046 triginta
821 2959 941 3026 solidos
965 2966 998 3026 et
1020 2965 1094 3026 octo
1109 2960 1269 3041 denarios,

221 3064 264 3130 od
286 3063 443 3136 terminos
466 3061 504 3126 in
526 3063 717 3148 episcopatu
738 3061 955 3128 Dunolmensi
979 3061 1185 3141 constitutos,
1209 3085 1268 3150 pro

221 3165 373 3231 omnibus
396 3164 471 3231 aliis
500 3163 645 3230 servitiis
668 3168 703 3229 et
727 3163 904 3230 domandis.
950 3163 996 3229 Et
1018 3164 1143 3230 molent
1171 3163 1271 3230 blada

222 3269 257 3332 in
279 3267 378 3334 dictis
400 3265 597 3333 tenementis
620 3265 798 3332 crescentia
819 3265 861 3330 ad
884 3265 1111 3332 molendinum
1126 3267 1270 3352 episcopi

221 3371 262 3435 de
284 3369 440 3456 Rouleye,
466 3370 510 3435 ad
532 3367 735 3434 tricesimum
760 3388 820 3434 vas
832 3391 841 3446 ;
866 3371 900 3433 et
921 3366 1093 3433 habebunt
1122 3368 1270 3454 proprios

219 3492 333 3559 porcos
366 3493 442 3537 suos
474 3471 509 3537 in
541 3469 662 3536 foresta
696 3473 808 3535 nostra
830 3469 871 3534 de
893 3467 1109 3556 Lengecestr',
1140 3468 1269 3555 quietos

221 3575 262 3642 do
293 3574 465 3662 pannagio.
511 3573 608 3639 Etsi
639 3571 791 3660 praedicti
813 3570 999 3636 Willelmus
1033 3575 1067 3635 et
1102 3570 1268 3636 Oristisna

220 3676 363 3743 obierint
393 3677 463 3741 siue
485 3675 615 3742 haerede
638 3674 679 3739 de
702 3673 891 3759 corporibus
913 3673 981 3737 suis
1004 3677 1153 3752 exeunte,
1176 3678 1265 3752 tunc,

219 3782 295 3865 post
317 3780 484 3844 decessum
515 3776 678 3844 dictorum
702 3774 860 3840 Willelmi
891 3777 926 3839 et
949 3771 1133 3854 (iristianae,
1157 3775 1267 3840 omnia

219 3880 378 3968 praedicta
409 3883 606 3958 tenemento,
629 3899 705 3944 cum
738 3876 807 3942 suis
828 3875 1048 3963 pertinentiis,
1070 3877 1168 3943 rectis
1198 3877 1265 3944 hce-

218 3983 352 4048 redibus
374 3982 456 4048 dicti
474 3980 630 4046 Willelmi
645 3980 772 4066 integre
787 3985 980 4045 remaneant
1001 3978 1038 4042 in
1060 3983 1266 4065 perpetuum,

223 4085 366 4150 tenenda
398 4085 439 4149 de
470 4082 566 4148 nobis
588 4087 623 4148 et
645 4080 883 4148 successoribus
905 4080 1027 4146 nostris
1048 4102 1107 4167 per
1128 4081 1266 4148 servitia

218 4185 412 4274 supradicta
446 4184 522 4250 Hiis
545 4183 695 4265 testibus,
711 4181 861 4260 dominis,
884 4181 1025 4248 Ricardo
1048 4181 1264 4263 Marmeduk',

217 4289 362 4354 Roberto
394 4287 434 4354 de
469 4286 605 4365 Hilton’,
637 4284 782 4350 Roberto
816 4284 857 4349 de
891 4283 1021 4362 Nevill',
1044 4283 1190 4349 Waltero
1224 4284 1265 4349 de

218 4389 446 4477 Wessington’,
479 4387 651 4465 militibus,
682 4385 848 4451 Willelmo
870 4385 910 4449 de
943 4385 1085 4464 Donum,
1119 4385 1193 4449 Ada
1223 4386 1264 4451 de

217 4492 353 4578 Boghes,
377 4490 524 4555 Gilberto
546 4489 588 4555 de
611 4486 824 4566 Scaresbrek’,
847 4491 882 4551 et
903 4485 985 4552 aliis.
1030 4485 1155 4550 Datum
1177 4488 1264 4570 apud

217 4592 429 4670 Middelham,
466 4583 549 4676 21le
588 4590 641 4656 dio
680 4588 770 4666 Maii,
802 4609 888 4654 anno
920 4586 1055 4652 Domini
1093 4587 1265 4654 millesimo

459 4818 468 4850 ¹
486 4816 569 4870 There
581 4829 623 4866 are
636 4815 723 4868 elever
734 4813 819 4866 leaves
832 4813 938 4878 missing
948 4811 1016 4864 bers.
