<?xml version="1.0" encoding="UTF-8"?>
<!DOCTYPE html PUBLIC "-//W3C//DTD XHTML 1.0 Transitional//EN"
    "http://www.w3.org/TR/xhtml1/DTD/xhtml1-transitional.dtd">
<html xmlns="http://www.w3.org/1999/xhtml" xml:lang="en" lang="en">
 <head>
  <title>
</title>
<meta http-equiv="Content-Type" content="text/html;charset=utf-8" />
  <meta name='ocr-system' content='tesseract 3.04.00' />
  <meta name='ocr-capabilities' content='ocr_page ocr_carea ocr_par ocr_line ocrx_word'/>
</head>
<body>
  <div class='ocr_page' id='page_1' title='image "./registrumpalati00kellgoog_0433.png"; bbox 0 0 3562 5710; ppageno 0'>
   <div class='ocr_carea' id='block_1_1' title="bbox 512 800 1380 864">
    <p class='ocr_par' dir='ltr' id='par_1_1' title="bbox 512 800 1380 864">
     <span class='ocr_line' id='line_1_1' title="bbox 512 800 1380 864; baseline 0 0"><span class='ocrx_word' id='word_1_1' title='bbox 512 813 711 864; x_wconf 71' lang='lat' dir='ltr'><strong>sacramus</strong></span> <span class='ocrx_word' id='word_1_2' title='bbox 734 813 940 863; x_wconf 75' lang='lat' dir='ltr'><strong>ranrrruuu</strong></span> <span class='ocrx_word' id='word_1_3' title='bbox 962 813 1202 864; x_wconf 75' lang='lat' dir='ltr'><strong>unsaramma</strong></span> <span class='ocrx_word' id='word_1_4' title='bbox 1294 800 1380 864; x_wconf 80' lang='lat'>1049</span> 
     </span>
    </p>
   </div>
   <div class='ocr_carea' id='block_1_2' title="bbox 167 996 1534 4655">
    <p class='ocr_par' dir='ltr' id='par_1_2' title="bbox 167 996 1534 1085">
     <span class='ocr_line' id='line_1_2' title="bbox 167 996 1534 1085; baseline 0.001 -25"><span class='ocrx_word' id='word_1_5' title='bbox 167 996 498 1076; x_wconf 69' lang='lat' dir='ltr'><strong>maseselevarunt,</strong></span> <span class='ocrx_word' id='word_1_6' title='bbox 522 1004 565 1082; x_wconf 89' lang='lat' dir='ltr'><strong>et,</strong></span> <span class='ocrx_word' id='word_1_7' title='bbox 589 1001 617 1063; x_wconf 90' lang='lat' dir='ltr'><strong>si</strong></span> <span class='ocrx_word' id='word_1_8' title='bbox 640 1000 696 1076; x_wconf 88' lang='lat' dir='ltr'><strong>sic,</strong></span> <span class='ocrx_word' id='word_1_9' title='bbox 717 1004 799 1064; x_wconf 91' lang='lat' dir='ltr'><strong>tunc</strong></span> <span class='ocrx_word' id='word_1_10' title='bbox 815 998 896 1084; x_wconf 90' lang='lat' dir='ltr'><strong>quid</strong></span> <span class='ocrx_word' id='word_1_11' title='bbox 919 1003 954 1065; x_wconf 91' lang='lat' dir='ltr'><strong>et</strong></span> <span class='ocrx_word' id='word_1_12' title='bbox 976 1005 1146 1085; x_wconf 84' lang='lat' dir='ltr'><strong>quantum,</strong></span> <span class='ocrx_word' id='word_1_13' title='bbox 1163 1003 1198 1064; x_wconf 89' lang='lat' dir='ltr'><strong>et</strong></span> <span class='ocrx_word' id='word_1_14' title='bbox 1220 996 1382 1084; x_wconf 89' lang='lat' dir='ltr'><strong>aquibus</strong></span> <span class='ocrx_word' id='word_1_15' title='bbox 1412 1014 1534 1062; x_wconf 73' lang='lat' dir='ltr'><strong>anun.</strong></span> 
     </span>
    </p>

    <p class='ocr_par' dir='ltr' id='par_1_3' title="bbox 329 1098 1524 4041">
     <span class='ocr_line' id='line_1_3' title="bbox 334 1098 1380 1187; baseline -0.004 -23"><span class='ocrx_word' id='word_1_16' title='bbox 334 1100 500 1185; x_wconf 90' lang='lat' dir='ltr'><strong>personis;</strong></span> <span class='ocrx_word' id='word_1_17' title='bbox 531 1105 566 1166; x_wconf 90' lang='lat' dir='ltr'><strong>et</strong></span> <span class='ocrx_word' id='word_1_18' title='bbox 598 1102 708 1180; x_wconf 86' lang='lat' dir='ltr'><strong>etiarn,</strong></span> <span class='ocrx_word' id='word_1_19' title='bbox 739 1100 766 1166; x_wconf 90' lang='lat' dir='ltr'><strong>si</strong></span> <span class='ocrx_word' id='word_1_20' title='bbox 798 1101 856 1165; x_wconf 88' lang='lat' dir='ltr'><strong>alii</strong></span> <span class='ocrx_word' id='word_1_21' title='bbox 891 1100 1077 1187; x_wconf 76' lang='lat' dir='ltr'><strong>quicunque</strong></span> <span class='ocrx_word' id='word_1_22' title='bbox 1109 1100 1267 1165; x_wconf 86' lang='lat' dir='ltr'><strong>decimam</strong></span> <span class='ocrx_word' id='word_1_23' title='bbox 1290 1098 1380 1162; x_wconf 91' lang='lat' dir='ltr'><strong>illam</strong></span> 
     </span>
     <span class='ocr_line' id='line_1_4' title="bbox 333 1200 1382 1289; baseline -0.001 -24"><span class='ocrx_word' id='word_1_24' title='bbox 333 1200 489 1267; x_wconf 88' lang='lat' dir='ltr'><strong>levarunt</strong></span> <span class='ocrx_word' id='word_1_25' title='bbox 504 1208 538 1268; x_wconf 92' lang='lat' dir='ltr'><strong>et</strong></span> <span class='ocrx_word' id='word_1_26' title='bbox 560 1203 769 1289; x_wconf 84' lang='lat' dir='ltr'><strong>collegerunt,</strong></span> <span class='ocrx_word' id='word_1_27' title='bbox 784 1207 866 1267; x_wconf 89' lang='lat' dir='ltr'><strong>tunc</strong></span> <span class='ocrx_word' id='word_1_28' title='bbox 888 1201 963 1287; x_wconf 90' lang='lat' dir='ltr'><strong>quis</strong></span> <span class='ocrx_word' id='word_1_29' title='bbox 985 1201 1039 1267; x_wconf 87' lang='lat' dir='ltr'><strong>vel</strong></span> <span class='ocrx_word' id='word_1_30' title='bbox 1052 1203 1119 1288; x_wconf 92' lang='lat' dir='ltr'><strong>qui,</strong></span> <span class='ocrx_word' id='word_1_31' title='bbox 1142 1206 1178 1267; x_wconf 90' lang='lat' dir='ltr'><strong>et</strong></span> <span class='ocrx_word' id='word_1_32' title='bbox 1192 1201 1285 1286; x_wconf 93' lang='lat' dir='ltr'><strong>cujus</strong></span> <span class='ocrx_word' id='word_1_33' title='bbox 1306 1220 1382 1264; x_wconf 89' lang='lat' dir='ltr'><strong>auc·</strong></span> 
     </span>
     <span class='ocr_line' id='line_1_5' title="bbox 333 1300 1382 1389; baseline -0.003 -23"><span class='ocrx_word' id='word_1_34' title='bbox 333 1302 479 1381; x_wconf 87' lang='lat' dir='ltr'><strong>toritate,</strong></span> <span class='ocrx_word' id='word_1_35' title='bbox 504 1309 539 1369; x_wconf 92' lang='lat' dir='ltr'><strong>ot</strong></span> <span class='ocrx_word' id='word_1_36' title='bbox 562 1308 733 1389; x_wconf 89' lang='lat' dir='ltr'><strong>quantum,</strong></span> <span class='ocrx_word' id='word_1_37' title='bbox 749 1308 783 1368; x_wconf 89' lang='lat' dir='ltr'><strong>et</strong></span> <span class='ocrx_word' id='word_1_38' title='bbox 808 1325 827 1368; x_wconf 88' lang='lat' dir='ltr'><strong>a</strong></span> <span class='ocrx_word' id='word_1_39' title='bbox 850 1303 979 1389; x_wconf 86' lang='lat' dir='ltr'><strong>quibus,</strong></span> <span class='ocrx_word' id='word_1_40' title='bbox 996 1303 1139 1387; x_wconf 89' lang='lat' dir='ltr'><strong>qualiter</strong></span> <span class='ocrx_word' id='word_1_41' title='bbox 1154 1310 1189 1370; x_wconf 88' lang='lat' dir='ltr'><strong>et</strong></span> <span class='ocrx_word' id='word_1_42' title='bbox 1211 1300 1382 1388; x_wconf 90' lang='lat' dir='ltr'><strong>quomodo,</strong></span> 
     </span>
     <span class='ocr_line' id='line_1_6' title="bbox 333 1402 1486 1492; baseline -0.004 -22"><span class='ocrx_word' id='word_1_43' title='bbox 333 1411 367 1469; x_wconf 84' lang='lat' dir='ltr'><strong>et</strong></span> <span class='ocrx_word' id='word_1_44' title='bbox 390 1406 432 1470; x_wconf 84' lang='lat' dir='ltr'><strong>ad</strong></span> <span class='ocrx_word' id='word_1_45' title='bbox 457 1405 558 1491; x_wconf 89' lang='lat' dir='ltr'><strong>cujus,</strong></span> <span class='ocrx_word' id='word_1_46' title='bbox 581 1427 638 1470; x_wconf 90' lang='lat' dir='ltr'><strong>scu</strong></span> <span class='ocrx_word' id='word_1_47' title='bbox 663 1427 810 1492; x_wconf 89' lang='lat' dir='ltr'><strong>quorum,</strong></span> <span class='ocrx_word' id='word_1_48' title='bbox 842 1405 1048 1471; x_wconf 89' lang='lat' dir='ltr'><strong>commodum</strong></span> <span class='ocrx_word' id='word_1_49' title='bbox 1079 1405 1205 1470; x_wconf 88' lang='lat' dir='ltr'><strong>denarii</strong></span> <span class='ocrx_word' id='word_1_50' title='bbox 1232 1403 1309 1467; x_wconf 90' lang='lat' dir='ltr'><strong>iude</strong></span> <span class='ocrx_word' id='word_1_51' title='bbox 1336 1402 1382 1466; x_wconf 91' lang='lat' dir='ltr'><strong>sic</strong></span> <span class='ocrx_word' id='word_1_52' title='bbox 1484 1480 1486 1484; x_wconf 23' lang='grc' dir='ltr'>Ι</span> 
     </span>
     <span class='ocr_line' id='line_1_7' title="bbox 331 1502 1382 1592; baseline -0.001 -23"><span class='ocrx_word' id='word_1_53' title='bbox 331 1506 434 1571; x_wconf 87' lang='lat' dir='ltr'><strong>levati</strong></span> <span class='ocrx_word' id='word_1_54' title='bbox 457 1506 684 1572; x_wconf 86' lang='lat' dir='ltr'><strong>devenerunt:</strong></span> <span class='ocrx_word' id='word_1_55' title='bbox 707 1507 802 1572; x_wconf 86' lang='lat' dir='ltr'><strong>vobis</strong></span> <span class='ocrx_word' id='word_1_56' title='bbox 834 1508 1028 1573; x_wconf 85' lang='lat' dir='ltr'><strong>mandamus</strong></span> <span class='ocrx_word' id='word_1_57' title='bbox 1051 1508 1087 1572; x_wconf 92' lang='lat' dir='ltr'><strong>in</strong></span> <span class='ocrx_word' id='word_1_58' title='bbox 1109 1507 1175 1573; x_wconf 87' lang='lat' dir='ltr'><strong>fide</strong></span> <span class='ocrx_word' id='word_1_59' title='bbox 1198 1526 1264 1592; x_wconf 89' lang='lat' dir='ltr'><strong>qua</strong></span> <span class='ocrx_word' id='word_1_60' title='bbox 1284 1502 1382 1569; x_wconf 90' lang='lat' dir='ltr'><strong>nobis</strong></span> 
     </span>
     <span class='ocr_line' id='line_1_8' title="bbox 331 1607 1381 1696; baseline -0.003 -24"><span class='ocrx_word' id='word_1_61' title='bbox 331 1608 499 1688; x_wconf 83' lang='lat' dir='ltr'><strong>tenemini,</strong></span> <span class='ocrx_word' id='word_1_62' title='bbox 536 1608 675 1674; x_wconf 89' lang='lat' dir='ltr'><strong>firmiter</strong></span> <span class='ocrx_word' id='word_1_63' title='bbox 719 1608 940 1696; x_wconf 85' lang='lat' dir='ltr'><strong>injungentes,</strong></span> <span class='ocrx_word' id='word_1_64' title='bbox 973 1610 1069 1695; x_wconf 89' lang='lat' dir='ltr'><strong>quod,</strong></span> <span class='ocrx_word' id='word_1_65' title='bbox 1111 1607 1237 1674; x_wconf 88' lang='lat' dir='ltr'><strong>vocatis</strong></span> <span class='ocrx_word' id='word_1_66' title='bbox 1274 1626 1381 1671; x_wconf 88' lang='lat' dir='ltr'><strong>coram</strong></span> 
     </span>
     <span class='ocr_line' id='line_1_9' title="bbox 330 1707 1524 1786; baseline 0.001 -13"><span class='ocrx_word' id='word_1_67' title='bbox 330 1708 424 1774; x_wconf 87' lang='lat' dir='ltr'><strong>vobis</strong></span> <span class='ocrx_word' id='word_1_68' title='bbox 454 1711 497 1776; x_wconf 88' lang='lat' dir='ltr'><strong>ad</strong></span> <span class='ocrx_word' id='word_1_69' title='bbox 523 1715 629 1776; x_wconf 87' lang='lat' dir='ltr'><strong>certos</strong></span> <span class='ocrx_word' id='word_1_70' title='bbox 653 1711 723 1776; x_wconf 90' lang='lat' dir='ltr'><strong>dies</strong></span> <span class='ocrx_word' id='word_1_71' title='bbox 749 1717 784 1776; x_wconf 92' lang='lat' dir='ltr'><strong>ot</strong></span> <span class='ocrx_word' id='word_1_72' title='bbox 812 1712 884 1778; x_wconf 90' lang='lat' dir='ltr'><strong>loca</strong></span> <span class='ocrx_word' id='word_1_73' title='bbox 915 1712 1040 1776; x_wconf 84' lang='lat' dir='ltr'>clericis</span> <span class='ocrx_word' id='word_1_74' title='bbox 1071 1715 1192 1776; x_wconf 82' lang='lat' dir='ltr'><strong>vestrae</strong></span> <span class='ocrx_word' id='word_1_75' title='bbox 1222 1707 1381 1786; x_wconf 88' lang='lat' dir='ltr'><strong>dioecesis,</strong></span> <span class='ocrx_word' id='word_1_76' title='bbox 1442 1761 1447 1774; x_wconf 95' lang='lat'><em>.</em></span> <span class='ocrx_word' id='word_1_77' title='bbox 1518 1761 1524 1774; x_wconf 90' lang='lat'><strong>.</strong></span> 
     </span>
     <span class='ocr_line' id='line_1_10' title="bbox 331 1813 1381 1900; baseline -0.003 -21"><span class='ocrx_word' id='word_1_78' title='bbox 331 1837 412 1900; x_wconf 85' lang='lat' dir='ltr'><strong>quos</strong></span> <span class='ocrx_word' id='word_1_79' title='bbox 443 1816 486 1881; x_wconf 89' lang='lat' dir='ltr'><strong>ad</strong></span> <span class='ocrx_word' id='word_1_80' title='bbox 523 1817 584 1882; x_wconf 91' lang='lat' dir='ltr'><strong>hoo</strong></span> <span class='ocrx_word' id='word_1_81' title='bbox 617 1817 782 1882; x_wconf 89' lang='lat' dir='ltr'><strong>vocandos</strong></span> <span class='ocrx_word' id='word_1_82' title='bbox 811 1818 879 1882; x_wconf 88' lang='lat' dir='ltr'><strong>fore</strong></span> <span class='ocrx_word' id='word_1_83' title='bbox 912 1816 1073 1898; x_wconf 89' lang='lat' dir='ltr'><strong>videritis,</strong></span> <span class='ocrx_word' id='word_1_84' title='bbox 1106 1815 1212 1881; x_wconf 91' lang='lat' dir='ltr'><strong>modis</strong></span> <span class='ocrx_word' id='word_1_85' title='bbox 1249 1819 1283 1879; x_wconf 88' lang='lat' dir='ltr'><strong>et</strong></span> <span class='ocrx_word' id='word_1_86' title='bbox 1317 1813 1381 1877; x_wconf 87' lang='lat' dir='ltr'><strong>viis</strong></span> 
     </span>
     <span class='ocr_line' id='line_1_11' title="bbox 331 1915 1382 2007; baseline -0.001 -27"><span class='ocrx_word' id='word_1_87' title='bbox 331 1918 483 1982; x_wconf 89' lang='lat' dir='ltr'><strong>omnibus</strong></span> <span class='ocrx_word' id='word_1_88' title='bbox 515 1919 635 2002; x_wconf 90' lang='lat' dir='ltr'><strong>quibus</strong></span> <span class='ocrx_word' id='word_1_89' title='bbox 673 1919 791 1983; x_wconf 86' lang='lat' dir='ltr'><strong>melius</strong></span> <span class='ocrx_word' id='word_1_90' title='bbox 825 1918 979 2007; x_wconf 82' lang='lat' dir='ltr'><strong>expedire</strong></span> <span class='ocrx_word' id='word_1_91' title='bbox 1013 1918 1174 1996; x_wconf 88' lang='lat' dir='ltr'><strong>videritis,</strong></span> <span class='ocrx_word' id='word_1_92' title='bbox 1211 1915 1382 2003; x_wconf 75' lang='lat' dir='ltr'><strong>praemissa</strong></span> 
     </span>
     <span class='ocr_line' id='line_1_12' title="bbox 331 2018 1382 2106; baseline -0.001 -24"><span class='ocrx_word' id='word_1_93' title='bbox 331 2019 444 2082; x_wconf 91' lang='lat' dir='ltr'><strong>omnia</strong></span> <span class='ocrx_word' id='word_1_94' title='bbox 465 2023 500 2083; x_wconf 88' lang='lat' dir='ltr'><strong>et</strong></span> <span class='ocrx_word' id='word_1_95' title='bbox 528 2019 659 2106; x_wconf 80' lang='lat' dir='ltr'><strong>singula</strong></span> <span class='ocrx_word' id='word_1_96' title='bbox 689 2041 748 2106; x_wconf 86' lang='lat' dir='ltr'><strong>per</strong></span> <span class='ocrx_word' id='word_1_97' title='bbox 779 2026 1020 2085; x_wconf 82' lang='lat' dir='ltr'><strong>sacramentum</strong></span> <span class='ocrx_word' id='word_1_98' title='bbox 1054 2019 1228 2085; x_wconf 85' lang='lat' dir='ltr'><strong>eorundem</strong></span> <span class='ocrx_word' id='word_1_99' title='bbox 1253 2018 1382 2083; x_wconf 89' lang='lat' dir='ltr'><strong>clerico-</strong></span> 
     </span>
     <span class='ocr_line' id='line_1_13' title="bbox 330 2121 1383 2208; baseline 0.002 -25"><span class='ocrx_word' id='word_1_100' title='bbox 330 2142 403 2186; x_wconf 90' lang='lat' dir='ltr'><strong>rum</strong></span> <span class='ocrx_word' id='word_1_101' title='bbox 427 2121 556 2207; x_wconf 79' lang='lat' dir='ltr'><strong>plenius</strong></span> <span class='ocrx_word' id='word_1_102' title='bbox 576 2125 610 2186; x_wconf 90' lang='lat' dir='ltr'><strong>et</strong></span> <span class='ocrx_word' id='word_1_103' title='bbox 631 2122 897 2208; x_wconf 74' lang='lat' dir='ltr'><strong>circumspectius</strong></span> <span class='ocrx_word' id='word_1_104' title='bbox 919 2121 1043 2208; x_wconf 88' lang='lat' dir='ltr'><strong>inquiri</strong></span> <span class='ocrx_word' id='word_1_105' title='bbox 1065 2122 1204 2202; x_wconf 82' lang='lat' dir='ltr'><strong>faciatis,</strong></span> <span class='ocrx_word' id='word_1_106' title='bbox 1219 2121 1255 2185; x_wconf 92' lang='lat' dir='ltr'><strong>in</strong></span> <span class='ocrx_word' id='word_1_107' title='bbox 1276 2121 1383 2185; x_wconf 83' lang='lat' dir='ltr'><strong>forma</strong></span> 
     </span>
     <span class='ocr_line' id='line_1_14' title="bbox 331 2222 1382 2308; baseline -0.002 -21"><span class='ocrx_word' id='word_1_108' title='bbox 331 2222 511 2308; x_wconf 84' lang='lat' dir='ltr'><strong>praedicta;</strong></span> <span class='ocrx_word' id='word_1_109' title='bbox 534 2227 569 2288; x_wconf 91' lang='lat' dir='ltr'><strong>et</strong></span> <span class='ocrx_word' id='word_1_110' title='bbox 583 2223 789 2288; x_wconf 85' lang='lat' dir='ltr'><strong>thesaurario</strong></span> <span class='ocrx_word' id='word_1_111' title='bbox 811 2229 845 2288; x_wconf 91' lang='lat' dir='ltr'><strong>et</strong></span> <span class='ocrx_word' id='word_1_112' title='bbox 861 2222 1038 2288; x_wconf 86' lang='lat' dir='ltr'><strong>baronibus</strong></span> <span class='ocrx_word' id='word_1_113' title='bbox 1057 2223 1097 2288; x_wconf 91' lang='lat' dir='ltr'><strong>de</strong></span> <span class='ocrx_word' id='word_1_114' title='bbox 1113 2223 1200 2288; x_wconf 91' lang='lat' dir='ltr'><strong>dicto</strong></span> <span class='ocrx_word' id='word_1_115' title='bbox 1216 2222 1382 2288; x_wconf 84' lang='lat' dir='ltr'><strong>Soaocario</strong></span> 
     </span>
     <span class='ocr_line' id='line_1_15' title="bbox 331 2323 1380 2410; baseline 0.001 -23"><span class='ocrx_word' id='word_1_116' title='bbox 331 2326 442 2388; x_wconf 89' lang='lat' dir='ltr'><strong>nostro</strong></span> <span class='ocrx_word' id='word_1_117' title='bbox 471 2323 562 2410; x_wconf 86' lang='lat' dir='ltr'><strong>apud</strong></span> <span class='ocrx_word' id='word_1_118' title='bbox 592 2323 929 2402; x_wconf 79' lang='lat' dir='ltr'><strong>westmonasterium,</strong></span> <span class='ocrx_word' id='word_1_119' title='bbox 952 2347 972 2388; x_wconf 93' lang='lat' dir='ltr'><strong>a</strong></span> <span class='ocrx_word' id='word_1_120' title='bbox 1005 2323 1058 2389; x_wconf 88' lang='lat' dir='ltr'><strong>dic</strong></span> <span class='ocrx_word' id='word_1_121' title='bbox 1090 2324 1223 2390; x_wconf 86' lang='lat' dir='ltr'><strong>Paschae</strong></span> <span class='ocrx_word' id='word_1_122' title='bbox 1257 2325 1292 2388; x_wconf 91' lang='lat' dir='ltr'><strong>in</strong></span> <span class='ocrx_word' id='word_1_123' title='bbox 1326 2346 1380 2388; x_wconf 84' lang='lat' dir='ltr'><strong>xv.</strong></span> 
     </span>
     <span class='ocr_line' id='line_1_16' title="bbox 332 2423 1382 2512; baseline 0.003 -24"><span class='ocrx_word' id='word_1_124' title='bbox 332 2423 409 2502; x_wconf 88' lang='lat' dir='ltr'><strong>dies,</strong></span> <span class='ocrx_word' id='word_1_125' title='bbox 432 2425 473 2490; x_wconf 88' lang='lat' dir='ltr'><strong>de</strong></span> <span class='ocrx_word' id='word_1_126' title='bbox 504 2429 576 2498; x_wconf 87' lang='lat' dir='ltr'><strong>toto</strong></span> <span class='ocrx_word' id='word_1_127' title='bbox 614 2425 702 2491; x_wconf 84' lang='lat' dir='ltr'><strong>facto</strong></span> <span class='ocrx_word' id='word_1_128' title='bbox 723 2431 833 2491; x_wconf 87' lang='lat' dir='ltr'><strong>vestro</strong></span> <span class='ocrx_word' id='word_1_129' title='bbox 864 2427 901 2490; x_wconf 93' lang='lat' dir='ltr'><strong>in</strong></span> <span class='ocrx_word' id='word_1_130' title='bbox 935 2427 995 2491; x_wconf 89' lang='lat' dir='ltr'><strong>hac</strong></span> <span class='ocrx_word' id='word_1_131' title='bbox 1028 2431 1122 2512; x_wconf 86' lang='lat' dir='ltr'><strong>parte</strong></span> <span class='ocrx_word' id='word_1_132' title='bbox 1160 2426 1314 2492; x_wconf 85' lang='lat' dir='ltr'><strong>distincte</strong></span> <span class='ocrx_word' id='word_1_133' title='bbox 1348 2431 1382 2491; x_wconf 88' lang='lat' dir='ltr'><strong>et</strong></span> 
     </span>
     <span class='ocr_line' id='line_1_17' title="bbox 332 2511 1380 2612; baseline 0.002 -22"><span class='ocrx_word' id='word_1_134' title='bbox 332 2511 443 2612; x_wconf 84' lang='lat' dir='ltr'><strong>aperte</strong></span> <span class='ocrx_word' id='word_1_135' title='bbox 475 2532 624 2592; x_wconf 74' lang='lat' dir='ltr'><strong>constare</strong></span> <span class='ocrx_word' id='word_1_136' title='bbox 666 2526 816 2606; x_wconf 82' lang='lat' dir='ltr'><strong>faciatis3</strong></span> <span class='ocrx_word' id='word_1_137' title='bbox 856 2527 1063 2593; x_wconf 88' lang='lat' dir='ltr'><strong>remittentes</strong></span> <span class='ocrx_word' id='word_1_138' title='bbox 1103 2527 1150 2592; x_wconf 90' lang='lat' dir='ltr'><strong>eis</strong></span> <span class='ocrx_word' id='word_1_139' title='bbox 1181 2527 1243 2592; x_wconf 91' lang='lat' dir='ltr'><strong>hoc</strong></span> <span class='ocrx_word' id='word_1_140' title='bbox 1273 2529 1380 2594; x_wconf 87' lang='lat' dir='ltr'><strong>breve.</strong></span> 
     </span>
     <span class='ocr_line' id='line_1_18' title="bbox 332 2628 1380 2717; baseline 0.002 -24"><span class='ocrx_word' id='word_1_141' title='bbox 332 2629 437 2706; x_wconf 85' lang='lat' dir='ltr'><strong>Teste,</strong></span> <span class='ocrx_word' id='word_1_142' title='bbox 460 2628 502 2693; x_wconf 93' lang='lat' dir='ltr'><strong>H.</strong></span> <span class='ocrx_word' id='word_1_143' title='bbox 531 2628 572 2694; x_wconf 91' lang='lat' dir='ltr'><strong>de</strong></span> <span class='ocrx_word' id='word_1_144' title='bbox 595 2628 771 2706; x_wconf 85' lang='lat' dir='ltr'><strong>Staunton,</strong></span> <span class='ocrx_word' id='word_1_145' title='bbox 797 2628 887 2715; x_wconf 90' lang='lat' dir='ltr'><strong>apud</strong></span> <span class='ocrx_word' id='word_1_146' title='bbox 918 2629 1252 2708; x_wconf 68' lang='lat' dir='ltr'><strong>westmonasterium,</strong></span> <span class='ocrx_word' id='word_1_147' title='bbox 1282 2631 1380 2717; x_wconf 63' lang='lat' dir='ltr'><strong>,fija</strong></span> 
     </span>
     <span class='ocr_line' id='line_1_19' title="bbox 332 2729 1381 2818; baseline 0.005 -25"><span class='ocrx_word' id='word_1_148' title='bbox 332 2730 385 2795; x_wconf 88' lang='lat' dir='ltr'><strong>dic</strong></span> <span class='ocrx_word' id='word_1_149' title='bbox 408 2729 588 2808; x_wconf 73' lang='lat' dir='ltr'><strong>Februarii,</strong></span> <span class='ocrx_word' id='word_1_150' title='bbox 619 2751 707 2797; x_wconf 91' lang='lat' dir='ltr'><strong>auno</strong></span> <span class='ocrx_word' id='word_1_151' title='bbox 736 2732 829 2818; x_wconf 84' lang='lat' dir='ltr'><strong>regni</strong></span> <span class='ocrx_word' id='word_1_152' title='bbox 853 2733 958 2797; x_wconf 81' lang='lat' dir='ltr'><strong>n‘ostri</strong></span> <span class='ocrx_word' id='word_1_153' title='bbox 981 2732 1215 2798; x_wconf 86' lang='lat' dir='ltr'><strong>octavo-Per</strong></span> <span class='ocrx_word' id='word_1_154' title='bbox 1237 2732 1381 2798; x_wconf 90' lang='lat' dir='ltr'><strong>rotulum</strong></span> 
     </span>
     <span class='ocr_line' id='line_1_20' title="bbox 331 2831 1381 2902; baseline 0.003 -5"><span class='ocrx_word' id='word_1_155' title='bbox 331 2833 463 2898; x_wconf 71' lang='lat' dir='ltr'><strong>memor</strong></span> <span class='ocrx_word' id='word_1_156' title='bbox 487 2831 528 2898; x_wconf 93' lang='lat' dir='ltr'><strong>de</strong></span> <span class='ocrx_word' id='word_1_157' title='bbox 550 2832 664 2898; x_wconf 88' lang='lat' dir='ltr'><strong>eodem</strong></span> <span class='ocrx_word' id='word_1_158' title='bbox 686 2853 782 2899; x_wconf 87' lang='lat' dir='ltr'><strong>anno.</strong></span> <span class='ocrx_word' id='word_1_159' title='bbox 829 2832 948 2898; x_wconf 90' lang='lat' dir='ltr'><strong>Hillar’</strong></span> <span class='ocrx_word' id='word_1_160' title='bbox 972 2834 1265 2900; x_wconf 88' lang='lat' dir='ltr'><strong>Record&#39;.—Unde</strong></span> <span class='ocrx_word' id='word_1_161' title='bbox 1286 2835 1381 2902; x_wconf 86' lang='lat' dir='ltr'><strong>vobis</strong></span> 
     </span>
     <span class='ocr_line' id='line_1_21' title="bbox 331 2934 1381 3024; baseline 0.002 -24"><span class='ocrx_word' id='word_1_162' title='bbox 331 2935 367 3000; x_wconf 89' lang='lat' dir='ltr'><strong>in</strong></span> <span class='ocrx_word' id='word_1_163' title='bbox 389 2934 514 3000; x_wconf 86' lang='lat' dir='ltr'><strong>virtute</strong></span> <span class='ocrx_word' id='word_1_164' title='bbox 530 2934 733 3013; x_wconf 84' lang='lat' dir='ltr'><strong>obedientiae,</strong></span> <span class='ocrx_word' id='word_1_165' title='bbox 749 2935 889 3002; x_wconf 87' lang='lat' dir='ltr'><strong>firmiter</strong></span> <span class='ocrx_word' id='word_1_166' title='bbox 904 2936 1108 3024; x_wconf 85' lang='lat' dir='ltr'><strong>injungimus</strong></span> <span class='ocrx_word' id='word_1_167' title='bbox 1121 2941 1156 3002; x_wconf 89' lang='lat' dir='ltr'><strong>et</strong></span> <span class='ocrx_word' id='word_1_168' title='bbox 1177 2936 1381 3016; x_wconf 89' lang='lat' dir='ltr'><strong>mandamus,</strong></span> 
     </span>
     <span class='ocr_line' id='line_1_22' title="bbox 331 3037 1381 3122; baseline 0.003 -20"><span class='ocrx_word' id='word_1_169' title='bbox 331 3043 502 3122; x_wconf 89' lang='lat' dir='ltr'><strong>quatenus,</strong></span> <span class='ocrx_word' id='word_1_170' title='bbox 537 3037 723 3104; x_wconf 87' lang='lat' dir='ltr'><strong>convocatis</strong></span> <span class='ocrx_word' id='word_1_171' title='bbox 756 3059 864 3104; x_wconf 88' lang='lat' dir='ltr'><strong>coram</strong></span> <span class='ocrx_word' id='word_1_172' title='bbox 898 3039 993 3104; x_wconf 85' lang='lat' dir='ltr'><strong>vobis</strong></span> <span class='ocrx_word' id='word_1_173' title='bbox 1030 3037 1213 3103; x_wconf 88' lang='lat' dir='ltr'><strong>senioribus</strong></span> <span class='ocrx_word' id='word_1_174' title='bbox 1247 3043 1281 3104; x_wconf 88' lang='lat' dir='ltr'><strong>et</strong></span> <span class='ocrx_word' id='word_1_175' title='bbox 1314 3039 1381 3105; x_wconf 88' lang='lat' dir='ltr'><strong>dis·</strong></span> 
     </span>
     <span class='ocr_line' id='line_1_23' title="bbox 330 3139 1380 3226; baseline 0.002 -24"><span class='ocrx_word' id='word_1_176' title='bbox 330 3139 529 3219; x_wconf 89' lang='lat' dir='ltr'><strong>cretioribus,</strong></span> <span class='ocrx_word' id='word_1_177' title='bbox 550 3145 619 3204; x_wconf 90' lang='lat' dir='ltr'><strong>tam</strong></span> <span class='ocrx_word' id='word_1_178' title='bbox 642 3139 801 3226; x_wconf 82' lang='lat' dir='ltr'><strong>religiosis</strong></span> <span class='ocrx_word' id='word_1_179' title='bbox 823 3160 923 3224; x_wconf 86' lang='lat' dir='ltr'><strong>quam</strong></span> <span class='ocrx_word' id='word_1_180' title='bbox 946 3139 1019 3206; x_wconf 86' lang='lat' dir='ltr'><strong>aliis</strong></span> <span class='ocrx_word' id='word_1_181' title='bbox 1042 3140 1123 3204; x_wconf 90' lang='lat' dir='ltr'><strong>viris</strong></span> <span class='ocrx_word' id='word_1_182' title='bbox 1147 3140 1380 3221; x_wconf 89' lang='lat' dir='ltr'><strong>ecclesiasticis,</strong></span> 
     </span>
     <span class='ocr_line' id='line_1_24' title="bbox 330 3240 1380 3328; baseline 0.004 -24"><span class='ocrx_word' id='word_1_183' title='bbox 330 3241 502 3327; x_wconf 91' lang='lat' dir='ltr'><strong>utriusque</strong></span> <span class='ocrx_word' id='word_1_184' title='bbox 534 3240 827 3321; x_wconf 70' lang='lat' dir='ltr'><strong>archidiaconatus,</strong></span> <span class='ocrx_word' id='word_1_185' title='bbox 861 3263 920 3328; x_wconf 89' lang='lat' dir='ltr'><strong>per</strong></span> <span class='ocrx_word' id='word_1_186' title='bbox 955 3263 1036 3327; x_wconf 92' lang='lat' dir='ltr'><strong>quos</strong></span> <span class='ocrx_word' id='word_1_187' title='bbox 1070 3242 1148 3308; x_wconf 87' lang='lat' dir='ltr'><strong>facti</strong></span> <span class='ocrx_word' id='word_1_188' title='bbox 1177 3243 1274 3308; x_wconf 86' lang='lat' dir='ltr'><strong>series</strong></span> <span class='ocrx_word' id='word_1_189' title='bbox 1305 3243 1380 3308; x_wconf 89' lang='lat' dir='ltr'><strong>sciri</strong></span> 
     </span>
     <span class='ocr_line' id='line_1_25' title="bbox 330 3342 1380 3430; baseline 0.002 -23"><span class='ocrx_word' id='word_1_190' title='bbox 330 3343 451 3428; x_wconf 86' lang='lat' dir='ltr'><strong>poterit</strong></span> <span class='ocrx_word' id='word_1_191' title='bbox 474 3342 688 3422; x_wconf 89' lang='lat' dir='ltr'><strong>manifestius,</strong></span> <span class='ocrx_word' id='word_1_192' title='bbox 719 3344 760 3408; x_wconf 88' lang='lat' dir='ltr'><strong>de</strong></span> <span class='ocrx_word' id='word_1_193' title='bbox 791 3343 954 3408; x_wconf 84' lang='lat' dir='ltr'><strong>contentia</strong></span> <span class='ocrx_word' id='word_1_194' title='bbox 986 3344 1022 3407; x_wconf 92' lang='lat' dir='ltr'><strong>in</strong></span> <span class='ocrx_word' id='word_1_195' title='bbox 1053 3343 1142 3410; x_wconf 92' lang='lat' dir='ltr'><strong>dicto</strong></span> <span class='ocrx_word' id='word_1_196' title='bbox 1175 3345 1269 3408; x_wconf 89' lang='lat' dir='ltr'><strong>brevi</strong></span> <span class='ocrx_word' id='word_1_197' title='bbox 1291 3345 1380 3430; x_wconf 84' lang='lat' dir='ltr'><strong>regio</strong></span> 
     </span>
     <span class='ocr_line' id='line_1_26' title="bbox 330 3444 1380 3531; baseline 0.001 -24"><span class='ocrx_word' id='word_1_198' title='bbox 330 3444 365 3507; x_wconf 93' lang='lat' dir='ltr'><strong>in</strong></span> <span class='ocrx_word' id='word_1_199' title='bbox 387 3445 520 3531; x_wconf 89' lang='lat' dir='ltr'><strong>propria</strong></span> <span class='ocrx_word' id='word_1_200' title='bbox 540 3465 686 3531; x_wconf 87' lang='lat' dir='ltr'><strong>persona,</strong></span> <span class='ocrx_word' id='word_1_201' title='bbox 709 3466 780 3510; x_wconf 90' lang='lat' dir='ltr'><strong>cum</strong></span> <span class='ocrx_word' id='word_1_202' title='bbox 806 3450 933 3528; x_wconf 88' lang='lat' dir='ltr'><strong>quanta</strong></span> <span class='ocrx_word' id='word_1_203' title='bbox 955 3445 1104 3530; x_wconf 90' lang='lat' dir='ltr'><strong>poteritis</strong></span> <span class='ocrx_word' id='word_1_204' title='bbox 1128 3445 1308 3531; x_wconf 82' lang='lat' dir='ltr'><strong>diligentia,</strong></span> <span class='ocrx_word' id='word_1_205' title='bbox 1332 3466 1380 3509; x_wconf 89' lang='lat' dir='ltr'><strong>se-</strong></span> 
     </span>
     <span class='ocr_line' id='line_1_27' title="bbox 330 3546 1380 3633; baseline -0.001 -21"><span class='ocrx_word' id='word_1_206' title='bbox 330 3548 474 3613; x_wconf 89' lang='lat' dir='ltr'><strong>cundum</strong></span> <span class='ocrx_word' id='word_1_207' title='bbox 507 3546 643 3612; x_wconf 89' lang='lat' dir='ltr'><strong>formam</strong></span> <span class='ocrx_word' id='word_1_208' title='bbox 676 3547 786 3632; x_wconf 90' lang='lat' dir='ltr'><strong>ipsius,</strong></span> <span class='ocrx_word' id='word_1_209' title='bbox 809 3547 1042 3612; x_wconf 73' lang='lat' dir='ltr'><strong>certitudinem</strong></span> <span class='ocrx_word' id='word_1_210' title='bbox 1074 3547 1261 3633; x_wconf 89' lang='lat' dir='ltr'><strong>inquiratis,</strong></span> <span class='ocrx_word' id='word_1_211' title='bbox 1293 3547 1380 3632; x_wconf 89' lang='lat' dir='ltr'><strong>ipsos</strong></span> 
     </span>
     <span class='ocr_line' id='line_1_28' title="bbox 329 3647 1380 3735; baseline -0.001 -21"><span class='ocrx_word' id='word_1_212' title='bbox 329 3649 554 3727; x_wconf 87' lang='lat' dir='ltr'><strong>nihilominus,</strong></span> <span class='ocrx_word' id='word_1_213' title='bbox 590 3653 753 3735; x_wconf 88' lang='lat' dir='ltr'><strong>quatenus</strong></span> <span class='ocrx_word' id='word_1_214' title='bbox 790 3648 885 3712; x_wconf 90' lang='lat' dir='ltr'><strong>vobis</strong></span> <span class='ocrx_word' id='word_1_215' title='bbox 923 3653 1061 3729; x_wconf 84' lang='lat' dir='ltr'><strong>constat,</strong></span> <span class='ocrx_word' id='word_1_216' title='bbox 1093 3655 1127 3713; x_wconf 89' lang='lat' dir='ltr'><strong>et</strong></span> <span class='ocrx_word' id='word_1_217' title='bbox 1156 3647 1298 3714; x_wconf 88' lang='lat' dir='ltr'><strong>recolitis</strong></span> <span class='ocrx_word' id='word_1_218' title='bbox 1339 3647 1380 3713; x_wconf 90' lang='lat' dir='ltr'><strong>de</strong></span> 
     </span>
     <span class='ocr_line' id='line_1_29' title="bbox 331 3743 1381 3836; baseline -0.002 -19"><span class='ocrx_word' id='word_1_219' title='bbox 331 3752 534 3818; x_wconf 88' lang='lat' dir='ltr'><strong>concessione</strong></span> <span class='ocrx_word' id='word_1_220' title='bbox 557 3756 592 3816; x_wconf 88' lang='lat' dir='ltr'><strong>ot</strong></span> <span class='ocrx_word' id='word_1_221' title='bbox 613 3755 760 3836; x_wconf 88' lang='lat' dir='ltr'><strong>tempore</strong></span> <span class='ocrx_word' id='word_1_222' title='bbox 782 3743 919 3815; x_wconf 81' lang='lat' dir='ltr'><strong>decimae</strong></span> <span class='ocrx_word' id='word_1_223' title='bbox 941 3751 1139 3836; x_wconf 74' lang='lat' dir='ltr'><strong>supradictae</strong></span> <span class='ocrx_word' id='word_1_224' title='bbox 1163 3771 1202 3816; x_wconf 88' lang='lat' dir='ltr'><strong>ac</strong></span> <span class='ocrx_word' id='word_1_225' title='bbox 1229 3750 1381 3816; x_wconf 90' lang='lat' dir='ltr'><strong>omnibus</strong></span> 
     </span>
     <span class='ocr_line' id='line_1_30' title="bbox 331 3851 1379 3939; baseline 0 -21"><span class='ocrx_word' id='word_1_226' title='bbox 331 3853 405 3918; x_wconf 88' lang='lat' dir='ltr'><strong>aliis</strong></span> <span class='ocrx_word' id='word_1_227' title='bbox 420 3851 577 3931; x_wconf 80' lang='lat' dir='ltr'><strong>articulis,</strong></span> <span class='ocrx_word' id='word_1_228' title='bbox 593 3873 691 3939; x_wconf 86' lang='lat' dir='ltr'><strong>super</strong></span> <span class='ocrx_word' id='word_1_229' title='bbox 713 3851 833 3937; x_wconf 89' lang='lat' dir='ltr'><strong>quibus</strong></span> <span class='ocrx_word' id='word_1_230' title='bbox 856 3851 1037 3916; x_wconf 85' lang='lat' dir='ltr'><strong>mandatur</strong></span> <span class='ocrx_word' id='word_1_231' title='bbox 1061 3851 1195 3936; x_wconf 89' lang='lat' dir='ltr'><strong>inquiri,</strong></span> <span class='ocrx_word' id='word_1_232' title='bbox 1219 3852 1379 3930; x_wconf 86' lang='lat' dir='ltr'><strong>seriosius,</strong></span> 
     </span>
     <span class='ocr_line' id='line_1_31' title="bbox 330 3953 1380 4041; baseline 0.002 -23"><span class='ocrx_word' id='word_1_233' title='bbox 330 3955 416 4019; x_wconf 89' lang='lat' dir='ltr'><strong>sicut</strong></span> <span class='ocrx_word' id='word_1_234' title='bbox 453 3953 595 4039; x_wconf 87' lang='lat' dir='ltr'><strong>expedit,</strong></span> <span class='ocrx_word' id='word_1_235' title='bbox 631 3953 854 4032; x_wconf 74' lang='lat' dir='ltr'><strong>informantes,</strong></span> <span class='ocrx_word' id='word_1_236' title='bbox 891 3954 1117 4040; x_wconf 87' lang='lat' dir='ltr'><strong>universisque</strong></span> <span class='ocrx_word' id='word_1_237' title='bbox 1162 3953 1380 4041; x_wconf 84' lang='lat' dir='ltr'><strong>injungentes,</strong></span> 
     </span>
    </p>

    <p class='ocr_par' dir='ltr' id='par_1_4' title="bbox 276 4055 1381 4655">
     <span class='ocr_line' id='line_1_32' title="bbox 276 4055 1381 4143; baseline 0 -23"><span class='ocrx_word' id='word_1_238' title='bbox 276 4069 280 4072; x_wconf 84' lang='grc'><em>“</em></span> <span class='ocrx_word' id='word_1_239' title='bbox 330 4061 364 4120; x_wconf 91' lang='lat' dir='ltr'><strong>et</strong></span> <span class='ocrx_word' id='word_1_240' title='bbox 393 4055 421 4119; x_wconf 92' lang='lat' dir='ltr'><strong>si</strong></span> <span class='ocrx_word' id='word_1_241' title='bbox 451 4076 578 4120; x_wconf 86' lang='lat' dir='ltr'><strong>necesse</strong></span> <span class='ocrx_word' id='word_1_242' title='bbox 608 4056 709 4120; x_wconf 83' lang='lat' dir='ltr'><strong>fuerit</strong></span> <span class='ocrx_word' id='word_1_243' title='bbox 737 4056 885 4141; x_wconf 85' lang='lat' dir='ltr'><strong>legitime</strong></span> <span class='ocrx_word' id='word_1_244' title='bbox 915 4056 1151 4142; x_wconf 88' lang='lat' dir='ltr'><strong>compellentes,</strong></span> <span class='ocrx_word' id='word_1_245' title='bbox 1186 4057 1273 4143; x_wconf 92' lang='lat' dir='ltr'><strong>quod</strong></span> <span class='ocrx_word' id='word_1_246' title='bbox 1307 4057 1381 4142; x_wconf 90' lang='lat' dir='ltr'><strong>qui·</strong></span> 
     </span>
     <span class='ocr_line' id='line_1_33' title="bbox 329 4157 1380 4243; baseline 0.003 -22"><span class='ocrx_word' id='word_1_247' title='bbox 329 4177 458 4242; x_wconf 90' lang='lat' dir='ltr'><strong>cunque</strong></span> <span class='ocrx_word' id='word_1_248' title='bbox 489 4157 726 4241; x_wconf 85' lang='lat' dir='ltr'><strong>acquietancias</strong></span> <span class='ocrx_word' id='word_1_249' title='bbox 759 4157 886 4243; x_wconf 86' lang='lat' dir='ltr'><strong>aliquas</strong></span> <span class='ocrx_word' id='word_1_250' title='bbox 912 4158 953 4222; x_wconf 91' lang='lat' dir='ltr'><strong>de</strong></span> <span class='ocrx_word' id='word_1_251' title='bbox 979 4158 1068 4224; x_wconf 87' lang='lat' dir='ltr'><strong>dicta</strong></span> <span class='ocrx_word' id='word_1_252' title='bbox 1098 4159 1219 4224; x_wconf 90' lang='lat' dir='ltr'><strong>habeat</strong></span> <span class='ocrx_word' id='word_1_253' title='bbox 1244 4159 1380 4239; x_wconf 86' lang='lat' dir='ltr'><strong>decima,</strong></span> 
     </span>
     <span class='ocr_line' id='line_1_34' title="bbox 330 4257 1380 4347; baseline 0.004 -25"><span class='ocrx_word' id='word_1_254' title='bbox 330 4258 383 4323; x_wconf 84' lang='lat' dir='ltr'><strong>vel</strong></span> <span class='ocrx_word' id='word_1_255' title='bbox 406 4258 446 4324; x_wconf 92' lang='lat' dir='ltr'><strong>de</strong></span> <span class='ocrx_word' id='word_1_256' title='bbox 468 4259 534 4324; x_wconf 83' lang='lat' dir='ltr'><strong>alia</strong></span> <span class='ocrx_word' id='word_1_257' title='bbox 556 4257 772 4345; x_wconf 89' lang='lat' dir='ltr'><strong>impositione,</strong></span> <span class='ocrx_word' id='word_1_258' title='bbox 801 4261 871 4326; x_wconf 90' lang='lat' dir='ltr'><strong>loco</strong></span> <span class='ocrx_word' id='word_1_259' title='bbox 902 4259 1004 4347; x_wconf 90' lang='lat' dir='ltr'><strong>ipsius</strong></span> <span class='ocrx_word' id='word_1_260' title='bbox 1026 4262 1123 4338; x_wconf 84' lang='lat' dir='ltr'><strong>facta,</strong></span> <span class='ocrx_word' id='word_1_261' title='bbox 1146 4283 1252 4326; x_wconf 88' lang='lat' dir='ltr'><strong>coram</strong></span> <span class='ocrx_word' id='word_1_262' title='bbox 1276 4259 1380 4338; x_wconf 86' lang='lat' dir='ltr'><strong>vobis,</strong></span> 
     </span>
     <span class='ocr_line' id='line_1_35' title="bbox 330 4360 1380 4444; baseline 0.004 -20"><span class='ocrx_word' id='word_1_263' title='bbox 330 4361 372 4424; x_wconf 87' lang='lat' dir='ltr'><strong>ad</strong></span> <span class='ocrx_word' id='word_1_264' title='bbox 396 4361 496 4424; x_wconf 90' lang='lat' dir='ltr'><strong>vestri</strong></span> <span class='ocrx_word' id='word_1_265' title='bbox 527 4360 790 4426; x_wconf 82' lang='lat' dir='ltr'><strong>informationem</strong></span> <span class='ocrx_word' id='word_1_266' title='bbox 821 4361 970 4427; x_wconf 85' lang='lat' dir='ltr'><strong>deferant</strong></span> <span class='ocrx_word' id='word_1_267' title='bbox 996 4369 1030 4427; x_wconf 91' lang='lat' dir='ltr'><strong>et</strong></span> <span class='ocrx_word' id='word_1_268' title='bbox 1050 4361 1232 4428; x_wconf 86' lang='lat' dir='ltr'><strong>ostendant.</strong></span> <span class='ocrx_word' id='word_1_269' title='bbox 1281 4362 1380 4444; x_wconf 82' lang='lat' dir='ltr'><strong>Quic-</strong></span> 
     </span>
     <span class='ocr_line' id='line_1_36' title="bbox 331 4462 1380 4551; baseline 0.001 -24"><span class='ocrx_word' id='word_1_270' title='bbox 331 4463 411 4548; x_wconf 92' lang='lat' dir='ltr'><strong>quid</strong></span> <span class='ocrx_word' id='word_1_271' title='bbox 435 4463 524 4528; x_wconf 88' lang='lat' dir='ltr'><strong>enim</strong></span> <span class='ocrx_word' id='word_1_272' title='bbox 535 4469 736 4549; x_wconf 86' lang='lat' dir='ltr'><strong>compertum</strong></span> <span class='ocrx_word' id='word_1_273' title='bbox 759 4462 868 4541; x_wconf 88' lang='lat' dir='ltr'><strong>fuerit,</strong></span> <span class='ocrx_word' id='word_1_274' title='bbox 883 4465 936 4528; x_wconf 90' lang='lat' dir='ltr'><strong>vel</strong></span> <span class='ocrx_word' id='word_1_275' title='bbox 960 4464 1123 4530; x_wconf 86' lang='lat' dir='ltr'><strong>sciveritis</strong></span> <span class='ocrx_word' id='word_1_276' title='bbox 1146 4465 1181 4528; x_wconf 91' lang='lat' dir='ltr'><strong>in</strong></span> <span class='ocrx_word' id='word_1_277' title='bbox 1204 4465 1380 4551; x_wconf 73' lang='lat' dir='ltr'><strong>praemissis</strong></span> 
     </span>
     <span class='ocr_line' id='line_1_37' title="bbox 331 4564 1379 4655; baseline 0.001 -23"><span class='ocrx_word' id='word_1_278' title='bbox 331 4566 434 4646; x_wconf 91' lang='lat' dir='ltr'><strong>uobis,</strong></span> <span class='ocrx_word' id='word_1_279' title='bbox 465 4566 549 4632; x_wconf 89' lang='lat' dir='ltr'><strong>citra</strong></span> <span class='ocrx_word' id='word_1_280' title='bbox 563 4564 696 4631; x_wconf 85' lang='lat' dir='ltr'><strong>octabas</strong></span> <span class='ocrx_word' id='word_1_281' title='bbox 711 4565 856 4644; x_wconf 84' lang='lat' dir='ltr'><strong>Peschae,</strong></span> <span class='ocrx_word' id='word_1_282' title='bbox 877 4566 1033 4632; x_wconf 89' lang='lat' dir='ltr'><strong>distincte</strong></span> <span class='ocrx_word' id='word_1_283' title='bbox 1056 4569 1089 4632; x_wconf 86' lang='lat' dir='ltr'><strong>e&#39;t</strong></span> <span class='ocrx_word' id='word_1_284' title='bbox 1111 4571 1224 4655; x_wconf 85' lang='lat' dir='ltr'><strong>aperte</strong></span> <span class='ocrx_word' id='word_1_285' title='bbox 1246 4567 1379 4633; x_wconf 85' lang='lat' dir='ltr'><strong>rescribi</strong></span> 
     </span>
    </p>
   </div>
   <div class='ocr_carea' id='block_1_3' title="bbox 0 0 1786 5710">
    <p class='ocr_par' dir='ltr' id='par_1_5' title="bbox 0 0 1786 5710">
     <span class='ocr_line' id='line_1_38' title="bbox 0 0 1786 5710; baseline 0 0"><span class='ocrx_word' id='word_1_286' title='bbox 0 0 1786 5710; x_wconf 95' lang='lat' dir='ltr'><strong> </strong></span> 
     </span>
    </p>
   </div>
  </div>
 </body>
</html>
