3530 5708
489 797 688 848 nrorsrnuu
711 797 911 850 rsmrmun
934 797 1174 849 ouumrrnusn.
1292 785 1357 852 829

138 981 429 1048 arcessentes
451 981 515 1048 tibi
539 983 719 1070 plenerism
752 989 950 1072 potestatem
977 984 1082 1050 dictos
1104 982 1255 1050 denarios
1283 1005 1357 1050 nos-
1387 999 1510 1044 enisu.

311 1089 388 1162 tros,
410 1089 445 1149 et
467 1084 586 1163 exitus,
611 1085 753 1165 levandi,
777 1087 955 1174 recipiendi
979 1091 1013 1152 et
1035 1085 1217 1172 colligendi,
1240 1108 1278 1150 co
1299 1109 1358 1173 pro

310 1187 441 1266 eisdem,
464 1187 616 1273 quotiens
648 1210 777 1254 necesse
809 1189 919 1267 suerit,
941 1187 1170 1275 distringendi,
1193 1193 1227 1254 et
1249 1189 1360 1254 omniu

311 1288 377 1353 alic
398 1289 540 1354 faciendi
562 1295 597 1354 et
619 1291 799 1369 exercendi,
817 1313 891 1377 quse
914 1290 1102 1376 hujusmodi
1125 1288 1229 1355 officio
1251 1311 1361 1356 neces-

312 1389 397 1454 serie
428 1390 562 1469 suerint,
585 1397 620 1457 et
653 1391 756 1456 etism
790 1391 985 1479 opportune,
1007 1397 1042 1457 et
1072 1412 1146 1477 quse
1178 1396 1360 1478 receptores

312 1489 457 1574 ejusdem
488 1492 626 1558 manerii
657 1499 896 1559 consueverunt
929 1492 1170 1559 rationabiliter
1203 1513 1359 1559 exercere.

312 1591 354 1656 In
368 1590 461 1677 cujus
482 1593 531 1658 rei
553 1593 791 1673 testimoninm,
814 1599 875 1660 etc.
936 1594 1061 1661 Datum
1085 1593 1173 1680 apud
1195 1593 1359 1672 Stolrton’,

311 1705 377 1758 Ν.
399 1693 454 1758 die
481 1695 692 1783 Septembris,
714 1717 802 1762 enno
823 1695 958 1762 Domini
990 1695 1163 1762 millesimo
1192 1695 1360 1780 ccc⁰.xvj⁰.,

311 1801 346 1859 et
368 1795 620 1863 consecrationis
641 1801 762 1866 nostre
785 1795 841 1882 vj0.

311 2029 576 2082 mmmmm.
663 1999 825 2066 Ricardus
858 2005 928 2080 etc,
966 1999 1131 2066 universis
1168 1997 1359 2065 tenentibus
1372 2013 1514 2110 'propppec
1546 2021 1549 2028 ⁴

312 2096 510 2160 essem.
609 2101 732 2167 nostis
765 2101 854 2166 nea
886 2100 1077 2166 romum
1114 2102 1155 2167 oe
1178 2099 1359 2176 noveles,
1369 2076 1505 2210 effla,

312 2201 533 2289 cujuscunque
565 2207 674 2269 stetus
706 2225 764 2269 seu
796 2202 1000 2270 conditionis
1029 2202 1184 2278 existent,
1210 2201 1489 2310 ⁸⁸¹¹¹l0¹¹b¹fi¹22¹335

311 2304 453 2389 gretiam
470 2308 504 2369 et
519 2303 789 2371 benedictionem.
836 2304 920 2371 Oum
937 2303 1093 2369 dilectum
1116 2301 1268 2368 clericum
1285 2323 1360 2366 nos·
1486 2295 1492 2308 '

311 2411 411 2484 trum,
426 2405 620 2492 magistrum
642 2406 666 2471 J
667 2405 829 2471 ohannem
846 2405 886 2472 de
901 2404 1042 2482 Nerion,
1058 2403 1265 2470 denariorum
1288 2423 1362 2468 nos-

312 2510 438 2572 trorum
461 2511 495 2572 et
517 2506 667 2572 exituum
692 2506 774 2574 dicti
809 2506 949 2572 manerii
971 2506 1079 2570 nostri
1109 2503 1151 2570 de
1189 2501 1363 2570 Hoveden'

313 2607 582 2672 constituerimus
603 2613 813 2694 receptorem,
836 2606 932 2673 vobis
961 2606 1168 2686 mandemus,
1197 2611 1363 2693 quatenus

313 2708 419 2775 eidem
443 2708 569 2787 clerico,
592 2709 629 2774 in
651 2709 715 2774 hiis
738 2729 811 2795 quae
834 2709 877 2774 cd
910 2707 1051 2775 officium
1077 2708 1268 2796 receptoriae
1290 2729 1363 2795 per·

313 2809 433 2889 tinent,
463 2811 546 2888 sitis,
569 2815 668 2898 prout
699 2810 868 2891 tenemini,
892 2809 1036 2877 fideliter
1057 2810 1303 2898 respondentes,
1326 2831 1364 2875 ec

313 2911 524 2978 intendentes
547 2911 654 2978 eidem
677 2911 713 2976 in
736 2909 897 2990 omnibus,
912 2915 1021 2998 prout,
1037 2911 1239 2998 'temporibus
1260 2916 1363 2977 retro·

313 3013 404 3091 sctis,
419 3012 494 3078 eliis
515 3011 739 3099 receptoribus
761 3011 907 3098 ejusdem
929 3013 1069 3079 manerii
1091 3012 1264 3078 intendere
1287 3033 1363 3077 con-

314 3113 476 3180 suevistis.
533 3113 575 3178 In
606 3113 700 3199 eujus
727 3119 785 3180 etc
832 3113 959 3180 Datum
990 3113 1078 3200 apud
1104 3113 1268 3192 Stokton',
1290 3125 1364 3180 xv0.

314 3215 368 3282 die
389 3215 511 3281 mensis
526 3213 737 3302 Septembris,
761 3235 849 3280 enno
871 3214 1008 3280 Domini
1031 3219 1092 3282 etc
1114 3210 1210 3300 xvj⁰.,
1234 3217 1267 3280 et
1289 3235 1365 3278 con-

313 3317 503 3385 secrationis
525 3321 648 3383 nostroe
670 3321 771 3382 sexto.

383 3585 389 3600 ,
540 3519 710 3598 Ricardus‚
746 3519 959 3606 permissione
992 3523 1061 3596 etc,
1092 3516 1213 3583 dilecto
1250 3515 1366 3582 clerico
1379 3529 1508 3574 emitote

315 3587 416 3638 ΡΜ·
481 3621 638 3708 magistro
661 3620 807 3686 Henrico
822 3620 863 3685 de
886 3617 1030 3705 Luceby,
1053 3619 1202 3698 sulutem,
1224 3619 1365 3707 gretiam
1379 3581 1507 3732 Lffid?

316 3726 349 3784 et
371 3721 641 3788 benedictionem.
686 3723 767 3788 Tus
789 3720 961 3788 laboriosae
986 3721 1216 3787 sollicitudinis
1238 3743 1368 3809 promp-

316 3821 505 3904 titudinem,
538 3845 638 3909 quem
672 3823 708 3887 in
742 3821 907 3909 obsequiis
939 3823 1083 3890 ecclesire
1116 3829 1240 3890 nostrae
1272 3824 1367 3889 Dun-

319 3923 470 3990 elmensis
501 3926 659 3992 hactenus
686 3923 904 4011 impendistis,
927 3947 965 3991 ec
989 3925 1178 4013 impendere
1209 3925 1367 3991 continue

320 4024 550 4093 benevolentia
586 4025 710 4112 poteris
741 4024 778 4090 in
811 4025 969 4104 futurum,
1004 4030 1100 4112 grets
1136 4025 1366 4091 vicissitudine

320 4128 479 4213 respicere
516 4127 693 4215 cupientes,
725 4125 798 4204 tibi,
830 4146 890 4214 pro
921 4127 1086 4212 obsequiis
1124 4126 1219 4192 nobis
1250 4131 1285 4193 et
1316 4147 1366 4192 ec·

319 4229 427 4295 clesiae
456 4235 575 4295 uostree
598 4227 744 4315 praeietae
767 4227 935 4312 hucusque
957 4228 1123 4314 impensis
1147 4228 1238 4293 etin
1260 4233 1368 4314 poste·

319 4352 402 4409 rum,
420 4331 571 4418 quotiens
596 4329 775 4417 requisitus
796 4329 906 4408 fueris,
929 4329 1090 4416 promptis
1111 4329 1285 4395 effectibus
1306 4330 1367 4396 im-

320 4433 510 4520 pendendis,
530 4429 680 4508 fennuem
712 4432 901 4519 pensionem
935 4431 1080 4517 quinque
1111 4452 1294 4499 marcarum
1327 4433 1369 4498 de

320 4557 449 4602 eernere
469 4540 589 4612 nostro,
614 4535 656 4600 ed
680 4533 766 4600 feste
787 4531 902 4600 Sancti
929 4532 1067 4598 Martini
1090 4538 1123 4598 et
1146 4532 1367 4614 Pentecosten,

321 4639 418 4704 annis
448 4635 597 4723 singulis,
621 4657 680 4720 per
702 4634 845 4720 requsles
875 4634 1046 4720 portiones
1075 4636 1366 4724 percipiendorum,
