3566 5712
506 797 706 850 ancarana
729 796 932 847 rmnrrrnu
954 798 1194 850 nurnmrrsn
1308 783 1370 848 851

149 986 363 1055 Au·1³ri·c.1.do
383 984 505 1064 Insula,
527 985 695 1051 lohannes
718 985 758 1050 de
781 984 971 1064 Brabantia
986 1007 1054 1051 non
1077 989 1156 1050 sunt
1178 983 1373 1072 portionarii
1400 997 1457 1042 san.
1466 997 1523 1044 1³12.

321 1089 359 1153 in
381 1087 516 1154 ecclesia
538 1087 579 1152 de
601 1085 752 1153 Norton'.
796 1086 946 1152 Andreas
971 1088 1012 1152 de
1035 1087 1233 1174 Kyrkenny,
1249 1087 1372 1152 Rober·

323 1194 379 1255 tus
394 1190 435 1255 de
451 1189 559 1276 Byles,
581 1187 777 1279 n0n¹[sunt]
801 1187 998 1274 portionarii
1019 1189 1057 1252 in
1075 1189 1211 1255 eeclesia
1234 1189 1274 1254 do
1289 1189 1370 1254 Der·

321 1292 468 1378 lington'.
514 1292 681 1357 lohannes
711 1291 752 1356 de
777 1291 992 1376 Metingham
1016 1291 1182 1377 quondam
1204 1291 1372 1379 portiona-

323 1394 392 1459 rius
415 1394 452 1458 in
474 1393 595 1474 eadem,
619 1397 771 1459 mortuus
794 1397 855 1459 ost.
911 1392 1048 1458 Carolus
1070 1392 1112 1458 de
1142 1393 1234 1459 Bello
1258 1395 1372 1460 Monte

321 1500 454 1561 nonest
476 1491 698 1583 portionarius
720 1497 757 1560 in
780 1495 914 1561 ecclesia
936 1495 976 1560 de
993 1494 1217 1562 Pontheland'.
1263 1496 1308 1560 Et
1331 1497 1371 1561 de

321 1598 416 1664 bonis
448 1619 597 1685 personae
630 1597 772 1664 aoclesioe
807 1596 847 1663 ds
881 1597 1079 1676 Whitefeld'‚
1113 1598 1157 1662 ad
1189 1598 1370 1664 valentiam

321 1721 387 1767 rsa.
433 1699 480 1764 Et
501 1699 543 1765 ds
565 1699 659 1765 bonis
680 1699 797 1764 vicarii
820 1699 861 1764 de
876 1698 1063 1764 Hautwisel
1085 1699 1170 1765 nihil
1191 1699 1370 1778 invenitur,

320 1802 410 1889 quod
431 1801 614 1868 destnritur
635 1822 693 1888 per
708 1801 830 1868 Scotos.
878 1800 923 1866 Et
945 1801 987 1866 de
1002 1801 1096 1866 bonis
1110 1822 1256 1886 personae
1270 1802 1370 1868 ecolo-

321 1905 380 1970 siao
402 1902 444 1970 do
466 1902 737 1982 Simondeburne,
752 1902 838 1968 nihil
853 1902 913 1984 fit;
935 1903 1033 1989 quod,
1056 1925 1097 1968 ex
1126 1903 1283 1970 mandato
1310 1905 1370 1969 do-

288 2065 291 2070 .
321 2006 403 2071 mini
434 2006 521 2094 rogis
542 2006 682 2092 speciali,
715 2004 992 2092 sequestravimus
1025 2025 1137 2070 omnes
1169 2005 1305 2084 fructus,
1328 2005 1371 2071 ad

321 2131 403 2196 opus
422 2109 519 2196 regis,
541 2129 584 2173 ox
606 2108 673 2172 alia
694 2128 800 2173 causa.
844 2107 890 2170 Et
911 2107 953 2172 ds
974 2106 1071 2172 bonis
1092 2107 1210 2172 vicarii
1233 2107 1274 2172 de
1297 2106 1372 2171 Hil-

321 2213 455 2292 dreton’,
478 2210 527 2276 nil
547 2201 636 2295 quod
664 2208 847 2276 destruitur
876 2231 935 2296 per
966 2208 1088 2275 Scotos.
1145 2210 1191 2274 Et
1213 2209 1254 2274 de
1277 2210 1371 2276 bonis
1407 2221 1500 2268 tuso·

320 2334 467 2405 personae
490 2311 632 2378 ecclesiae
654 2311 696 2376 de
723 2309 888 2388 Ohatton',
902 2312 946 2376 ad
974 2311 1156 2376 valentiam
1182 2333 1271 2378 xna.
1324 2313 1370 2377 Et

320 2414 479 2482 debonis
501 2414 619 2479 vicarii
645 2413 800 2499 ejusdem,
831 2412 874 2479 ad
903 2413 1086 2480 valentiam
1112 2437 1203 2482 xxa.
1259 2415 1307 2480 Et
1329 2416 1369 2482 de

319 2517 414 2582 bonis
435 2537 584 2604 personae
606 2515 748 2581 eoolesiae
770 2516 811 2581 de
832 2514 1099 2602 (lhevelingham,
1123 2515 1166 2582 ad
1189 2518 1370 2583 valentiam

320 2640 409 2688 m.
467 2619 513 2684 Et
536 2618 577 2684 de
599 2618 695 2683 bonis
709 2639 857 2704 porsonae
879 2617 1021 2684 eoelesiae
1044 2619 1085 2684 dc
1107 2619 1254 2700 Fentnn',
1278 2643 1334 2686 xx.
1346 2643 1369 2685 a

320 2723 365 2787 Et
386 2720 428 2787 ds
449 2720 545 2788 bonis
567 2741 716 2807 personae
738 2720 880 2786 ecclesiae
895 2721 936 2786 de
960 2721 1234 2808 Shipplingbotcl,
1248 2723 1291 2788 ad
1314 2745 1371 2790 va·

318 2824 455 2891 lentiam
477 2845 532 2888 xx
545 2843 568 2889 a.
627 2823 673 2888 Et
696 2823 854 2888 debonis
876 2843 1022 2910 personae
1045 2825 1187 2892 ecclesias
1211 2826 1251 2891 de
1274 2827 1371 2891 Leae-

319 2930 416 3018 byry,
438 2929 482 2996 sd
504 2929 686 2996 valentiam
708 2950 768 2996 aa.
814 2930 860 2994 Et
882 2929 1038 2995 debonis
1060 2953 1207 3016 personae
1230 2932 1372 2999 ecclesiae

320 3033 360 3098 de
385 3031 516 3109 Alnam,
538 3031 632 3110 nihil,
655 3031 744 3118 quod
767 3031 950 3097 destruitur
971 3053 1030 3119 per
1053 3033 1174 3100 Scotos.
1220 3034 1275 3100 Ad
1297 3055 1371 3122 quae
1497 3057 1498 3060 ¹

318 3135 406 3201 bona
433 3134 650 3202 ecclesiastica
682 3131 830 3200 nondum
862 3133 1054 3228 invenimus
1088 3141 1274 3224 emptores3
1311 3157 1372 3203 nec

317 3238 415 3325 plura
447 3238 535 3303 bona
565 3236 799 3325 praediotorum
825 3237 1015 3304 clericorum
1037 3238 1080 3303 ad
1113 3261 1257 3326 praesens
1278 3239 1372 3306 inve-

318 3341 389 3407 niro
411 3339 581 3427 potuimus
611 3337 853 3426 sequestranda,
884 3338 973 3405 unde
1004 3339 1108 3425 aliqui
1139 3341 1266 3407 denarii
1299 3341 1371 3407 ficri

318 3447 459 3530 possent

319 3683 400 3735 Breve
411 3679 507 3733 domini
518 3678 586 3744 regis
663 3633 855 3712 Edwardus,
889 3634 953 3701 Dei
986 3635 1103 3723 gratia,
1138 3657 1197 3703 rex
1228 3637 1532 3740 malagmate

319 3766 364 3814 pro
398 3749 467 3799 Icta
499 3745 587 3796 relico
620 3737 774 3802 dominus
803 3735 983 3817 Hiberniae,
1010 3743 1044 3804 et
1074 3737 1144 3804 dux
1166 3740 1367 3826 Aquitaniae,
1379 3746 1537 3846 fflffi„

320 3815 423 3867 arsen
433 3813 559 3878 W·
618 3839 800 3906 veneram
837 3839 873 3904 in
912 3839 1043 3907 chroro
1081 3841 1178 3927 patri,
1217 3841 1522 3948 arcaraggpgpgg

322 3949 437 4014 eadem
458 3943 576 4033 gratia,
598 3943 748 4031 episcopo
770 3941 995 4020 Dunolmonsi,
1018 3942 1166 4009 salutem.
1212 3943 1305 4023 Cum,
1328 3951 1369 4010 ut

320 4049 516 4136 accepimus,
539 4047 632 4124 Lora,
654 4065 729 4131 quae
758 4043 825 4109 fuit
858 4065 941 4108 uxor
974 4043 1108 4110 Ricardi
1141 4045 1183 4109 de
1217 4045 1368 4132 Harpyn‚

324 4171 430 4237 nuper
463 4150 500 4214 in
531 4147 623 4215 curia
644 4151 762 4226 vestra,
784 4145 951 4211 libertatis
984 4151 1104 4212 vestrae
1127 4146 1370 4228 Dunolmonsis‚

320 4253 493 4341 petivisset
529 4273 587 4338 per
623 4249 724 4314 breve
758 4252 905 4313 vestrum
941 4268 1056 4312 versus
1090 4247 1293 4314 Willelmum
1331 4251 1371 4316 de

320 4357 478 4435 Kcssawe,
500 4352 698 4419 Nicholaum
721 4350 762 4416 do
784 4349 940 4430 Kellawe,
964 4356 999 4415 et
1020 4349 1207 4417 Johannem
1229 4354 1270 4418 de
1291 4353 1371 4418 Kel-

320 4459 411 4539 lawe,
443 4456 594 4524 custodes
627 4459 790 4520 terrarum
821 4451 993 4531 lobannis,
1023 4452 1135 4518 fratris
1168 4459 1203 4520 at
1232 4455 1371 4522 haeredis

320 4560 454 4627 Ricardi
481 4560 522 4625 de
544 4559 697 4644 Harpyn‚
720 4555 855 4620 tertiam
885 4559 1012 4641 partem
1035 4555 1206 4622 duodecim
1228 4579 1370 4625 messua-

319 4665 457 4752 giorum,
480 4661 653 4728 duodecim
681 4658 876 4726 bovatarum
902 4662 1008 4736 terrae,
1023 4663 1057 4726 et
1080 4683 1111 4726 x.
1135 4665 1170 4728 et
1191 4659 1248 4747 vij.
1272 4662 1371 4728 dena

532 4779 535 4786 ’
1166 4780 1194 4828 nr
1217 4767 1238 4829 2
