3524 5716
484 803 685 856 snsrsrnnu
708 802 910 854 nmnmnu
933 803 1175 856 normunrsn.
1269 791 1354 856 1239

123 991 392 1062 nummulamis
424 991 628 1072 incumbunt,
661 992 820 1070 facienda,
851 1013 911 1080 pro
942 992 1116 1058 animabus
1146 993 1250 1081 ipsius
1272 991 1354 1056 Wil·
1383 993 1506 1042 &ll-1³1&

305 1094 405 1172 lelmi,
428 1095 568 1182 Agnetis
603 1083 722 1160 uxoris
751 1094 829 1180 ejus,
864 1099 898 1159 et
935 1093 1085 1182 praedicti
1122 1094 1355 1161 Dunolmensis

306 1196 458 1283 episcopi,
473 1197 756 1282 praedecessorum,
771 1217 992 1262 successorum
1008 1201 1042 1261 et
1056 1196 1235 1273 haeredum,
1251 1196 1354 1282 ipsius

305 1297 471 1376 Willelmi,
490 1304 525 1364 et
547 1297 694 1363 omnium
724 1297 871 1364 fidelium
894 1297 1133 1364 defunctorum:
1178 1297 1240 1375 Ita,
1263 1297 1354 1362 vide-

305 1397 389 1478 licet,
428 1399 516 1484 quod
553 1404 629 1485 post
673 1403 813 1464 mortem
850 1399 1001 1484 praedicti
1040 1397 1165 1463 domini
1207 1397 1353 1477 Roberti‚

283 1500 470 1585 ,capellani
493 1501 576 1566 bene
608 1499 705 1565 liceat
736 1500 894 1585 praedicto
917 1499 1081 1565 Willelmo
1106 1501 1146 1565 de
1171 1499 1351 1584 Aslskeby,

302 1601 487 1666 haercdibns
502 1608 537 1667 et
559 1601 734 1686 assignatis
750 1602 826 1678 suis,
848 1601 982 1667 idoneos
1000 1603 1181 1688 capellanos
1204 1602 1247 1666 ed
1270 1623 1351 1686 proe-

302 1703 424 1769 dictem
463 1703 646 1769 cantariam
672 1703 856 1769 ‘successive
895 1703 1038 1768 dominis
1071 1703 1351 1769 Dunolmensibus

302 1803 462 1890 episcopis
484 1805 519 1868 in
534 1809 730 1890 perpetuum
746 1809 951 1890 praesentare,
969 1805 1092 1890 absque
1114 1804 1351 1891 impedimento

300 1906 545 1992 cujuscunque3
577 1907 627 1971 its
657 1906 747 1992 quod
768 1907 979 1992 praesentatio
1011 1905 1157 1991 ejusdem
1194 1906 1351 1971 eantariae

303 2009 390 2073 dicto
412 2008 585 2086 Willelmo,
610 2014 645 2072 et
675 2007 861 2074 haeredibus
884 2009 961 2084 scie,
983 2011 1058 2094 post
1080 2012 1219 2072 mortem
1242 2009 1350 2096 eujus-

302 2130 430 2195 cunque
466 2109 634 2196 cepelleni,
659 2109 863 2196 integrescit,
888 2115 922 2174 et
953 2109 1064 2187 illaesa,
1086 2109 1123 2172 in
1145 2112 1350 2194 perpetuum,

303 2211 374 2275 sine
396 2211 655 2276 contradictione
679 2211 836 2276 ordinarii
858 2211 1087 2296 cujuscunque.
1134 2209 1180 2273 Et
1213 2210 1350 2296 proedic-

301 2318 356 2376 tus
379 2312 563 2378 Willelmus
587 2314 626 2377 de
649 2313 817 2397 Aslakeby
840 2312 1006 2389 concessit,
1029 2333 1089 2397 pro
1118 2333 1153 2375 se
1183 2316 1218 2375 et
1248 2297 1350 2376 lisere-

301 2414 398 2479 dibus
431 2414 507 2491 suis,
531 2415 618 2500 quod
651 2414 801 2501 praedicti
832 2414 992 2500 capellani
1021 2414 1065 2477 ad
1087 2413 1244 2499 capellam
1266 2433 1351 2497 pree·

301 2517 432 2595 dictam,
455 2517 544 2580 infra
558 2517 740 2581 manerium
755 2515 959 2602 preedictum‚
974 2515 1016 2580 ed
1031 2514 1200 2599 praemissa
1215 2513 1351 2578 servitia
1386 2549 1388 2554 ·
1488 2558 1492 2564 -

301 2618 417 2683 divina
430 2618 589 2698 socienda,
606 2617 746 2683 liberum
761 2617 905 2681 habeant
920 2617 1103 2702 ingressum
1119 2621 1153 2680 ct
1175 2637 1349 2702 egressum,

300 2721 370 2785 sine
393 2719 627 2806 impedimento
650 2719 755 2804 ipsius
777 2717 942 2798 Willelmi,
966 2718 1132 2814 haeredum
1156 2717 1225 2781 sive
1248 2717 1349 2802 assig-

297 2825 450 2886 natorum
474 2842 614 2885 suorum.
662 2821 708 2884 Et
740 2819 890 2906 praedicti
924 2818 1117 2897 willelmus,
1147 2819 1291 2885 heeredes
1315 2824 1349 2884 εὴ

296 2922 455 3008 assignati
478 2922 538 3000 sui,
555 2923 792 2986 sustentabunt
814 2926 848 2986 et
870 2921 1071 3005 reparabunt
1085 2919 1242 3006 capellam
1265 2941 1349 3005 pree-

298 3025 429 3101 diotnm‚
452 3027 487 3088 et
509 3021 684 3088 invenient
705 3025 742 3086 in
764 3023 878 3087 eadem
904 3022 1013 3100 libros,
1038 3021 1245 3100 vestimento,
1268 3020 1348 3086 cali-

296 3147 374 3204 cem,
389 3125 545 3203 uroeolos,
568 3131 603 3189 et
625 3125 735 3189 omnic
756 3124 822 3189 elie
837 3130 1039 3200 omementa,
1055 3143 1129 3208 quse
1151 3143 1211 3208 pro
1235 3121 1348 3208 hujus·

296 3228 386 3292 modi
408 3226 534 3312 capello
556 3231 590 3290 et
612 3225 759 3291 cantaria
790 3227 915 3291 fuerint
943 3225 1146 3304 necessaria;
1178 3245 1238 3309 per
1259 3224 1347 3309 ipsos

298 3328 510 3406 willelmum,
532 3328 678 3394 heeredes
710 3335 745 3393 et
778 3327 961 3412 assignatos
994 3347 1077 3402 suos,
1108 3346 1168 3389 suo
1201 3325 1346 3411 periculo

296 3431 510 3496 custodienda
544 3431 580 3493 in
613 3430 770 3496 futurum.
827 3429 873 3493 Et
906 3427 1084 3515 preedictus
1114 3427 1279 3492 Robertus
1313 3432 1347 3492 et

297 3553 492 3598 successores
524 3533 576 3597 sui
607 3532 780 3597 invenient
813 3531 938 3611 vinum,
963 3549 1090 3616 panem,
1113 3529 1289 3608 candelam,
1313 3535 1348 3594 et

296 3635 460 3732 clericum,
484 3656 542 3720 pro
566 3635 714 3700 cantaria
735 3632 901 3720 praedicta
948 3631 994 3695 Et
1017 3631 1193 3717 praedictus
1220 3629 1347 3695 Willel-

297 3759 371 3801 mus
402 3737 443 3801 de
465 3735 636 3822 Aslokeby
658 3735 825 3812 concessit,
858 3754 918 3819 pro
948 3753 983 3798 se
1006 3737 1041 3798 et
1062 3730 1247 3796 haeredibus
1269 3734 1346 3811 suis,

298 3845 333 3904 et
364 3838 516 3904 omnibus
547 3839 630 3908 aliis,
655 3836 848 3923 praedictum
883 3835 1065 3899 manerium
1100 3833 1142 3898 de
1175 3833 1346 3918 Aelakeby

298 3941 497 4017 tenentibus,
520 3940 607 4025 quod
638 3939 667 4004 si
698 3938 762 4024 ipsi
796 3937 969 4023 preedietos
1003 3935 1188 4022 capellanos
1218 3935 1345 4022 alique·
1392 4007 1395 4014 ,

244 4121 250 4134 Ι
298 4043 378 4107 liter
398 4042 617 4129 impedierint,
640 4039 814 4128 quominus
836 4041 873 4104 in
895 4038 999 4105 forms
1023 4037 1188 4124 preedicta.
1208 4037 1345 4102 servitia

300 4144 416 4210 divina
436 4144 559 4209 ibidem
583 4144 745 4209 celebrare
767 4142 893 4228 possint
915 4141 1118 4226 temporibus
1140 4138 1342 4226 opportunis,

300 4269 342 4310 ex
357 4252 437 4312 tuno
452 4268 511 4332 pro
527 4246 674 4331 quolibet
688 4244 933 4330 impedimento,
954 4243 991 4306 in
1014 4241 1153 4306 dimidia
1167 4261 1285 4318 marca,
1300 4241 1344 4306 ad

299 4348 539 4432 eleemosynam
562 4345 687 4412 domini
703 4343 933 4409 Dunelmensis
955 4342 1096 4429 episcopi
1118 4341 1342 4428 persolvenda,

298 4454 476 4514 teneantur
511 4453 545 4513 et
577 4446 764 4532 obligentur
798 4447 834 4510 in
868 4446 1026 4510 futurum.
1083 4442 1128 4508 Et
1165 4442 1342 4529 praedictus

298 4551 483 4616 Willelmus
506 4549 663 4616 concessit
685 4569 744 4634 pro
767 4569 809 4625 se,
825 4546 1011 4612 haeredibus
1026 4550 1062 4611 et
1075 4544 1251 4632 assignatis
1266 4546 1341 4623 suis,
1388 4551 1479 4598 Μ·
