3506 5702
503 782 703 836 monrium
726 781 928 835 nmnrrrun
950 783 1192 838 nuunnnmsn.
1305 769 1372 840 723

154 955 505 1024 monumemtum
534 957 639 1024 nostri
662 955 786 1024 ordinis
816 957 991 1046 privilegia
1013 963 1048 1025 et
1070 962 1206 1039 statuta
1228 957 1373 1026 assiden-
1404 975 1526 1022 noma.

324 1059 416 1127 tibus
437 1060 534 1128 nobis
547 1060 788 1128 venerabilibus
810 1062 967 1128 fratribus
984 1062 1126 1128 dominis
1148 1061 1189 1128 de
1203 1061 1376 1129 Wellebek

326 1168 362 1230 et
383 1164 424 1230 de
447 1161 613 1250 Egleston’
635 1163 909 1230 monasteriorum
932 1164 1118 1246 abbatibus,
1140 1165 1205 1231 rite
1236 1169 1270 1231 et
1290 1163 1371 1252 legi-

326 1266 409 1333 timo
439 1266 676 1347 confirmatum,
700 1272 821 1334 vestrae
852 1266 1049 1354 paternitati
1070 1267 1261 1360 reverende
1293 1289 1376 1355 prae·

326 1373 493 1436 sentiemus
515 1391 574 1456 per
595 1374 793 1458 presentem
822 1369 1045 1457 supplicantes
1067 1370 1241 1438 humiliter
1262 1374 1298 1436 et
1320 1371 1376 1436 de-

326 1475 412 1551 vote,
426 1472 584 1559 quatinus
607 1472 714 1539 eidem
729 1473 841 1552 eleeto,
864 1495 922 1560 per
943 1495 1003 1540 nos
1026 1474 1230 1553 confirmato,
1253 1494 1374 1539 munus

325 1579 444 1641 vestrae
466 1574 705 1642 benedictionis
734 1575 899 1666 impertiri
919 1575 1109 1665 dignemini.
1155 1576 1201 1642 Et
1222 1575 1259 1641 in
1279 1575 1372 1641 testi·

325 1678 473 1744 monium
495 1684 531 1745 et
551 1678 652 1746 fidem
674 1677 773 1765 hujus
795 1679 1058 1767 praesentationis
1074 1680 1171 1747 vobis
1193 1677 1299 1761 factae,
1314 1678 1375 1744 hes

325 1781 438 1848 literas
460 1785 590 1848 nostras
612 1781 719 1869 sigiiio
742 1787 864 1863 nostro,
887 1805 925 1852 ac
947 1783 1063 1871 sigiliis
1088 1783 1252 1851 dictorum
1275 1802 1375 1848 vene·

325 1883 480 1952 rebilinm
494 1883 635 1952 fratrum
649 1889 847 1970 nostrorum,
863 1886 998 1952 fecimus
1010 1884 1204 1972 consignari.
1248 1883 1376 1951 Datum

324 1987 361 2052 in
383 1989 516 2056 ecclesio
538 1989 579 2055 de
600 1989 724 2058 Sancta
745 1990 887 2078 Agatha,
911 1989 1126 2057 Eboracensis
1142 1987 1297 2068 dioecesis,
1318 1986 1376 2074 vj⁰.

325 2089 371 2157 id.
394 2091 500 2174 Junii,
523 2113 611 2160 anno
635 2092 762 2160 Gratiae
783 2090 911 2160 n⁰.ccc⁰.
933 2094 1051 2180 quinto
1073 2091 1206 2158 decimo.

328 2335 497 2484 esser
513 2353 594 2458 rr
626 2295 959 2478 ,uetere
976 2295 1532 2487 tritttffittb

328 2473 509 2524 ''mm''
626 2501 846 2568 Dunolmensi
879 2501 1040 2589 episcopo,
1065 2523 1143 2568 suus
1174 2501 1309 2567 humilis
1343 2505 1377 2566 ct
1390 2465 1528 2610 ffidid

327 2605 476 2688 devotus,
514 2605 639 2674 oomni
676 2604 897 2674 mnenon
934 2604 1185 2672 mammone
1221 2603 1376 2683 efficians,
1390 2577 1499 2663 ωηο

326 2710 475 2790 salutem,
497 2709 729 2788 obedientiam,
753 2707 983 2788 reverentiam,
1005 2707 1129 2796 pariter
1151 2713 1186 2776 et
1210 2708 1375 2776 honorem

326 2813 521 2880 Mandatum
557 2817 705 2880 vestrum
743 2833 850 2899 nuper
884 2810 992 2899 recepi
1030 2811 1067 2877 in
1103 2812 1175 2880 haeo
1211 2813 1377 2881 verba:-

330 2916 500 2995 Ricardus‚
522 2915 737 3003 permissione
775 2913 900 2992 divina,
938 2913 981 2981 ia
1014 2913 1080 2983 todi
1111 2913 1229 3002 forestu
1261 2923 1302 2983 ut
1334 2914 1377 2982 in

327 3017 554 3108 munitione
596 3015 988 3107 precedente-Hujus
1034 3017 1137 3105 igitur
1176 3017 1376 3084 auctoritaie

327 3126 486 3206 mandati,
509 3125 637 3192 voeatis
659 3123 753 3212 prius
777 3122 962 3203 evocandis,
986 3123 1178 3210 diligentem
1208 3125 1282 3190 fieri
1314 3124 1376 3192 feci

327 3227 589 3314 inquisitionem
607 3232 677 3294 tem
711 3247 771 3315 per
804 3226 893 3291 viros
929 3224 1160 3292 ecclesiasticos
1182 3248 1283 3313 quam
1318 3249 1377 3316 per

327 3331 409 3398 ulios
439 3331 562 3411 laic0s3
584 3329 786 3417 quidicunt
803 3327 920 3414 jurati,
943 3327 1029 3413 quod
1055 3327 1096 3394 de
1117 3327 1299 3395 defectibus
1321 3330 1378 3416 qui

325 3433 545 3500 imminebant
576 3437 724 3520 tempore
758 3453 824 3520 quo
857 3428 1011 3496 dominus
1043 3429 1206 3497 Robertus
1240 3431 1378 3517 Heyron

326 3537 449 3603 dictam
481 3535 650 3603 ecclesiam
683 3533 815 3621 recepit,
847 3537 882 3598 et
913 3535 1027 3598 utrum
1059 3531 1193 3617 aliquid,
1215 3536 1291 3619 post
1323 3534 1379 3598 ad-

325 3640 514 3707 missionem
537 3637 686 3725 ejusdem
708 3635 858 3715 ecclesiae,
880 3636 922 3702 de
944 3634 1040 3701 bonis
1061 3635 1305 3722 predecessoris
1326 3635 1377 3702 sui

326 3743 493 3828 receperit,
517 3763 577 3828 pro
599 3738 782 3806 defectibus
812 3737 1002 3823 hujusmodi
1023 3738 1223 3825 reparandis,
1245 3739 1377 3826 penitus

327 3843 491 3928 ignorant,
512 3847 633 3931 praeter
667 3840 712 3928 vj.
735 3839 771 3910 bt.
804 3861 885 3928 quas
917 3841 1005 3907 idem
1028 3840 1199 3922 Rcbertus,
1215 3841 1257 3907 dc
1282 3841 1378 3908 bonis

327 3945 572 4032 praedecessoris
594 3947 653 4027 sui,
676 3965 736 4032 pro
767 3939 888 4010 cellura'
922 3943 1011 4010 ebori
1033 3943 1224 4030 reperanda,
1247 3945 1376 4032 recepit.

327 4045 454 4112 Dicunt
476 4053 590 4113 tamen
611 4047 701 4134 quod
722 4051 870 4134 temporo
892 4046 1009 4112 mortis
1031 4067 1100 4114 snae
1122 4050 1233 4112 totum
1263 4067 1374 4112 mene·

327 4149 415 4215 rium
438 4149 579 4216 ecelesiae
601 4149 642 4214 de
664 4148 760 4214 Ford'
783 4153 855 4214 erat
877 4148 1085 4216 combustum
1106 4170 1166 4236 per
1195 4149 1377 4236 ingressum

326 4251 510 4330 Scotorum
532 4251 621 4338 quod
643 4251 788 4337 reparari
809 4271 877 4315 non
898 4255 1007 4338 potest
1028 4272 1088 4337 pro
1111 4271 1153 4319 co.
1178 4248 1237 4331 u.;
1258 4255 1379 4339 praeter

325 4359 394 4421 tres
428 4354 589 4420 solemnes
622 4373 775 4432 carneres,
796 4373 878 4438 quas
910 4352 1000 4419 idem
1032 4357 1140 4420 rector
1171 4353 1250 4419 dum
1280 4353 1377 4435 vixit,

324 4479 476 4547 reparare
491 4456 675 4537 tenebatur,
698 4477 741 4522 ex
771 4453 920 4541 injuncto
941 4455 1150 4524 videntium
1172 4455 1305 4540 ibidem,
1319 4481 1377 4547 per

326 4561 496 4629 dominum
527 4560 786 4630 Dunolmensem
818 4557 1004 4648 episcopum
1035 4560 1072 4626 in
1105 4581 1165 4629 sua
1186 4560 1375 4629 damtione

323 4663 447 4734 ibidem
461 4665 569 4748 factm
590 4687 665 4754 quae
679 4685 816 4734 camerae
838 4663 1027 4735 reaedificari
1050 4685 1117 4734 non
1139 4669 1296 4756 poterunt
1317 4689 1377 4754 pro

1174 4773 1244 4836 n2
