3562 5710
383 793 469 864 1070
569 807 766 859 armemur
788 804 991 858 ranamuuu
1015 805 1256 856 burncrasse.

228 1008 352 1056 aurare.
379 993 439 1080 phi
461 994 551 1060 dioto
573 993 801 1081 predecessori
824 996 936 1058 vestro
964 990 1158 1069 miserimus,
1182 991 1226 1056 ad
1251 987 1438 1057 faciendum
1449 1009 1607 1070 ensem

374 1094 542 1180 justitiam
566 1095 665 1162 dictis
694 1095 846 1182 partibus
873 1093 964 1160 infra
988 1091 1177 1162 libertatem
1206 1113 1301 1158 suam
1323 1111 1438 1180 supra-

378 1197 520 1277 dietsm3
544 1199 594 1266 ita
615 1197 712 1285 quod,
735 1219 795 1284 pro
825 1197 955 1264 defectu
972 1195 1127 1282 justitiae,
1149 1199 1260 1283 partes
1282 1195 1372 1283 ipsas
1392 1195 1437 1261 ad

379 1323 439 1368 nos
470 1323 633 1370 recurrere
667 1301 857 1368 nullatenus
880 1291 1065 1387 oporteret3
1096 1321 1136 1368 ac
1168 1321 1228 1366 nos
1250 1321 1364 1388 nuper,
1394 1321 1438 1366 ex

379 1405 473 1491 gravi
497 1405 632 1492 querela
654 1403 805 1492 praedicti
836 1401 987 1480 Galfn’di,
1016 1423 1076 1489 per
1112 1401 1304 1488 petitionem
1342 1421 1436 1468 suam

381 1527 494 1572 coram
516 1507 612 1572 nobis
643 1511 678 1572 et
708 1503 846 1572 concilio
878 1508 992 1569 nostro
1015 1501 1207 1581 exhibitam,
1230 1501 1435 1590 accipientes,

270 1627 273 1638 ·
382 1609 469 1694 quod
502 1613 572 1673 tam
602 1609 638 1672 in
669 1606 803 1673 recordo
834 1610 870 1672 et
903 1625 1055 1692 processu
1085 1605 1122 1670 in
1155 1605 1247 1670 curia
1279 1603 1437 1690 predicta

382 1708 535 1795 predicti
550 1707 795 1794 praedecessoris
817 1707 920 1772 vestri
943 1704 1020 1771 inde
1043 1703 1175 1784 habitis,
1192 1726 1293 1792 quam
1315 1703 1353 1768 in
1366 1704 1436 1786 hoc,

381 1810 471 1895 quod
487 1810 601 1875 eadem
616 1808 788 1874 recordum
803 1812 837 1872 et
852 1828 1020 1893 processus
1042 1806 1079 1871 in
1093 1807 1185 1872 curia
1199 1811 1315 1872 nostra
1329 1825 1437 1872 coram

380 1909 486 1992 nobis,
508 1912 555 1976 sic
576 1909 841 1988 indeterminata,
865 1929 886 1976 a
908 1907 1000 1974 curia
1026 1907 1093 1987 illa,
1116 1929 1191 1994 quae
1213 1913 1265 1974 est
1286 1925 1439 1994 suprema

381 2012 471 2078 curia
492 2016 614 2094 nostra,
636 2032 740 2098 usque
769 2011 813 2078 ad
842 2010 1039 2097 pradictum
1068 2009 1336 2097 praedecessorem
1365 2029 1438 2074 ves·

381 2119 470 2179 trum
501 2115 539 2179 in
572 2114 663 2182 curia
696 2135 764 2190 sua,
797 2134 872 2198 quae
904 2112 1043 2178 inferior
1068 2117 1126 2190 est,
1157 2112 1257 2178 missa
1293 2113 1437 2190 fucmnt,

381 2220 494 2282 contra
515 2216 621 2304 legem
653 2220 688 2281 et
718 2213 988 2280 consuetudinem
1019 2214 1112 2301 regni
1143 2214 1247 2280 nostri
1280 2214 1439 2282 hactenus

381 2318 531 2396 usitatas,
553 2337 678 2382 encres
708 2316 831 2382 diversi
868 2316 1212 2404 interveneruntaper
1233 2317 1320 2402 quod
1350 2315 1437 2382 idem

382 2417 552 2484 Galfridus
581 2417 678 2484 nobis
712 2418 920 2506 supplicavit,
943 2421 993 2498 ut,
1016 2421 1086 2482 tam
1108 2437 1167 2504 pro
1198 2417 1303 2497 nobis,
1337 2439 1437 2504 quam

381 2541 441 2606 pro
463 2520 579 2607 seipso,
595 2521 777 2586 remedium
793 2542 890 2608 super
904 2520 966 2585 hoc
988 2519 1061 2585 fieri
1083 2519 1285 2602 faceremus;
1310 2525 1345 2586 et
1366 2541 1436 2602 nos,

381 2622 440 2708 qui
462 2622 591 2688 ratione
613 2622 753 2688 dominii
774 2623 881 2688 nostri
903 2621 1088 2709 superioris,
1110 2622 1248 2710 singulis
1273 2621 1315 2688 de
1336 2643 1436 2709 regno

381 2729 495 2789 nostro
518 2745 631 2790 sumus
653 2723 690 2788 in
712 2723 918 2790 exhibitione
934 2722 1079 2808 justitiae
1093 2723 1266 2802 debitores,
1288 2723 1437 2789 volentes

381 2826 470 2910 quod
486 2825 617 2910 justum
639 2826 726 2892 foret
747 2824 819 2891 fieri
841 2825 877 2890 in
900 2824 1084 2912 praemissis,
1108 2825 1202 2891 vobis
1227 2825 1437 2893 mandaveri-

380 2947 463 3005 mus,
482 2927 570 3013 quod
592 2927 763 3014 negotium
785 2932 821 2992 et
841 2947 1026 3012 processum
1048 2927 1154 2993 totius
1175 2927 1301 3015 negotii
1323 2949 1436 3014 supra-

380 3027 471 3112 dicti,
486 3033 557 3095 tam
575 3049 614 3095 ea
628 3050 703 3115 ques
724 3025 881 3115 predicto
904 3029 1132 3116 praedecessori
1147 3035 1257 3097 vestro
1278 3029 1436 3110 misimus,

380 3133 421 3195 ut
450 3136 501 3197 est
531 3131 664 3210 dictum,
689 3152 790 3218 quam
811 3151 851 3196 ea
872 3151 949 3216 quae
970 3131 1007 3197 in
1029 3133 1120 3198 ouria
1142 3154 1202 3200 sua
1227 3132 1436 3220 postmodum

380 3229 497 3298 habita
517 3233 663 3314 fuerunt,
691 3253 766 3298 cum
788 3232 945 3298 brevibus
968 3237 1002 3298 et
1025 3233 1177 3300 omnibus
1198 3233 1273 3302 aliis
1300 3255 1340 3299 ea
1361 3239 1437 3300 tan·

380 3333 544 3419 gentibus,
579 3355 653 3420 quae
683 3335 721 3398 in
753 3333 903 3400 custodia
924 3339 1037 3400 vestra
1070 3335 1227 3415 existunt,
1257 3335 1353 3401 nobis
1375 3333 1437 3401 sub

380 3435 488 3523 sigillo
519 3439 638 3516 vestro,
673 3436 860 3513 mitteretis,
891 3439 926 3500 et
956 3435 1019 3504 hoc
1040 3435 1162 3518 breve;
1194 3438 1245 3503 ita
1276 3438 1365 3522 quod
1398 3457 1437 3502 ea

380 3537 575 3604 haberemus
600 3537 638 3602 in
663 3537 807 3604 crastino
828 3536 1038 3624 Ascensionis
1072 3539 1215 3618 Domini,
1248 3538 1436 3624 ubicunque

380 3643 461 3706 tunc
495 3659 639 3705 essemus
672 3640 710 3704 in
740 3637 871 3725 Anglie,
895 3643 945 3720 ut,
968 3638 1033 3704 hiis
1064 3639 1219 3727 inspectis
1249 3639 1380 3727 plenius
1402 3643 1437 3705 et

381 3741 587 3821 examinatis,
611 3740 750 3807 ulterius
773 3761 872 3837 super
893 3740 955 3808 hoc
977 3739 1050 3807 fieri
1072 3743 1260 3821 faceremus,
1284 3742 1373 3828 quod
1395 3741 1436 3806 de

377 3842 454 3929 jure
475 3844 545 3909 fore
578 3843 765 3909 videremus
798 3841 1007 3925 faciendum
1039 3843 1080 3909 de
1115 3866 1180 3930 quo
1210 3843 1298 3909 nihil
1331 3843 1436 3909 faeere

380 3945 562 4028 curavistis,
579 3945 667 4010 unde
681 3943 861 4032 plurimum
877 3943 1099 4026 admiramur3
1122 3945 1217 4011 vobis
1231 3945 1434 4025 mandamns,

380 4047 466 4112 sicut
487 4047 568 4112 alias
602 4047 845 4124 mandavimus,
868 4046 956 4133 quod
988 4045 1158 4113 recordum
1188 4053 1223 4113 et
1251 4069 1435 4136 processum

380 4149 484 4214 totius
506 4147 631 4235 negotii
661 4149 851 4235 supradicti,
869 4147 971 4234 juxta
999 4152 1146 4215 tenorem
1176 4149 1313 4218 alterius
1342 4171 1436 4216 man·

380 4249 453 4315 dati
474 4251 580 4316 nostri
602 4250 790 4338 supradicti,
805 4249 912 4332 nobis,
928 4249 990 4315 sub
1013 4249 1121 4340 sigillo
1143 4256 1263 4332 vestro,
1279 4251 1435 4333 mittatis,

380 4357 415 4418 et
437 4351 499 4419 hoc
530 4352 651 4434 breve;
688 4353 738 4420 ita
760 4353 848 4439 quod
882 4373 922 4418 ca
951 4351 1132 4420 habeamus
1162 4376 1184 4421 a
1214 4353 1268 4420 die
1301 4353 1435 4422 Sanctae

380 4453 554 4522 Trinitatis
588 4454 625 4519 in
655 4475 710 4520 xv.
743 4454 823 4534 dies,
860 4453 1049 4542 ubieunque
1085 4461 1165 4522 tunc
1200 4456 1361 4523 fuerimus
1398 4455 1435 4521 in

335 4585 339 4594 ¹
380 4557 520 4643 Angliar
544 4556 600 4622 vel
628 4577 759 4622 causam
789 4555 885 4623 nobis
918 4557 1118 4645 significetis,
1141 4577 1241 4644 quare
1275 4559 1432 4625 mandato

380 4663 501 4736 nostro,
515 4657 597 4724 alies
611 4657 704 4726 vobis
726 4659 806 4725 inde
819 4658 950 4739 directo,
966 4660 1103 4727 minime
1125 4661 1290 4749 paruistis.
1336 4661 1434 4728 Teste
