3506 5702
395 796 460 871 742
573 805 771 860 nuursrauu
794 803 997 856 susumus
1020 799 1265 854 nuumumssn

242 1020 365 1069 anna
394 1019 469 1087 quae
490 997 527 1064 in
547 994 763 1082 inquisitione
786 996 953 1079 comperta
973 991 1091 1070 forent,
1114 1009 1175 1056 vos
1199 988 1363 1068 redderet,
1386 999 1617 1078 permisce

393 1123 469 1168 suas
483 1098 729 1168 certificatorias
750 1095 872 1173 literas,
886 1095 1040 1161 certiores
1051 1117 1060 1175 ;
1073 1113 1112 1158 ac
1125 1092 1215 1158 idem
1235 1142 1244 1160 .
1266 1141 1275 1160 .
1299 1091 1448 1170 officialis

393 1201 622 1282 archidiaconi,
645 1200 793 1267 nondum
814 1197 941 1286 vocatis
962 1196 1030 1262 illis
1060 1215 1202 1282 quorum
1224 1195 1386 1274 interfuit,
1409 1199 1445 1260 at

393 1307 452 1393 qui
472 1305 605 1370 fuerant
627 1302 795 1382 evocandi,
818 1304 932 1368 contra
953 1300 1035 1380 vim,
1057 1297 1197 1364 formam
1220 1302 1254 1364 ct
1276 1297 1444 1381 effectum,

265 1417 267 1422 ’
395 1408 476 1476 dicti
490 1405 644 1472 mandati
657 1404 771 1483 vestri,
786 1424 824 1468 ac
838 1401 1061 1468 intentionem
1083 1404 1240 1480 vestram,
1262 1421 1321 1487 per
1342 1399 1446 1464 alium

396 1515 431 1578 et
451 1531 519 1576 non
533 1529 592 1596 per
614 1529 657 1588 se,
674 1506 762 1592 (cum
784 1505 849 1571 sibi
870 1505 932 1572 hoc
954 1503 1152 1571 auctoritate
1173 1501 1364 1590 hujusmodi
1378 1523 1447 1568 non

396 1609 631 1699 competierat)
656 1629 753 1695 super
775 1607 957 1674 defectibus
979 1605 1146 1694 predictis
1168 1604 1298 1672 fecisset
1312 1605 1446 1692 inquiri,

394 1720 432 1782 et
468 1715 509 1780 de
541 1711 714 1799 compertis
742 1712 779 1777 in
810 1709 1025 1797 inquisitione
1054 1709 1220 1796 praedicta,
1251 1730 1327 1794 quae
1354 1708 1449 1773 nulla

396 1817 530 1904 dejure
560 1815 722 1882 censenda
759 1813 874 1889 fuerat,
912 1812 1007 1878 vobis
1044 1833 1142 1878 suum
1178 1811 1448 1878 certificatorium

396 1919 590 2000 direxisset;
628 1937 701 1996 vos,
738 1915 916 1982 reverende
961 1918 1065 2000 pater,
1102 1915 1321 2000 postmodum,
1361 1914 1447 1980 sicut

395 2022 567 2088 evidenter
600 2018 755 2107 praesumi
788 2017 919 2103 poterit,
950 2037 1009 2104 per
1046 2015 1315 2082 certificatorium
1348 2017 1447 2082 dictae

250 2199 254 2204 ,
395 2121 620 2208 inquisitionis
650 2170 658 2188 .
689 2170 696 2185 .
728 2168 737 2184 .
771 2109 919 2185 officialis
952 2117 1078 2182 domini
1109 2117 1330 2185 archidiaconi
1361 2117 1448 2183 Nor·

395 2223 574 2290 thumbriae
596 2219 755 2309 predicti,
779 2224 814 2286 at
846 2219 1035 2305 hujusmodi
1067 2241 1252 2307 processum
1274 2241 1379 2297 suum,
1409 2220 1448 2285 in

394 2325 456 2395 hac
477 2329 572 2413 parte
594 2321 819 2402 circumventi,
841 2371 851 2390 .
874 2373 882 2391 .
904 2371 913 2388 .
936 2320 1067 2388 officiati
1089 2327 1200 2389 vestro
1229 2322 1447 2389 Dunolmensi

395 2428 483 2494 bona
513 2425 664 2515 praedicti
695 2423 832 2491 rectoris
864 2443 1068 2510 quascsmque
1101 2426 1139 2490 in
1169 2428 1282 2491 vestra
1312 2425 1447 2492 dioecesi

396 2525 747 2608 inventa-mandastis,
784 2547 823 2590 ea
844 2525 1021 2605 occasione,
1044 2527 1243 2614 sequestrari
1265 2534 1300 2594 ct
1331 2527 1444 2607 vendi,

395 2653 434 2698 ac
466 2630 561 2696 vobis
587 2629 760 2717 pecuniam
790 2628 868 2694 inde
902 2627 1079 2695 levandam
1101 2629 1245 2697 fideliter
1277 2629 1444 2696 destinari.

398 2733 499 2821 Cujus
537 2731 735 2799 auctoritate
757 2731 915 2810 mandati,
954 2731 1044 2798 idem
1082 2713 1247 2813 officialis*
1270 2734 1446 2798 asserendo

394 2838 579 2904 Waitarum
602 2835 725 2902 Heron'
748 2833 836 2900 bona
858 2833 941 2901 dicti
963 2835 1097 2900 rectoris
1119 2835 1163 2900 ad
1193 2835 1446 2902 aestimationem

394 2939 502 3025 xlviij.
516 2937 552 3006 ti.
583 2941 617 3003 et
650 2936 822 3002 duodecim
853 2935 1042 3016 solidorum,
1065 2957 1247 3025 occupasse,
1270 2941 1305 3004 et
1325 2939 1444 3026 ipsum,

395 3042 476 3108 dum
506 3039 603 3118 vixit,
626 3037 663 3105 in
694 3038 914 3127 quadraginta
944 3041 1017 3104 octo
1041 3037 1079 3106 li.
1102 3044 1137 3105 ct
1159 3040 1215 3126 xij.
1226 3062 1249 3106 e.
1281 3063 1340 3127 per
1370 3063 1445 3108 eum

394 3142 649 3212 condemnatum
670 3140 781 3220 fuisse,
804 3145 839 3208 et
861 3140 1086 3220 nihilominus,
1101 3146 1176 3228 post
1199 3147 1339 3210 mortem
1362 3145 1446 3231 ejus-

395 3248 469 3314 dem
492 3243 632 3312 Walteri
654 3243 786 3321 Heron’,
809 3243 980 3309 dominum
1001 3242 1186 3310 Waitcrum
1208 3246 1250 3310 de
1272 3245 1389 3312 Insula
1411 3253 1446 3314 et

394 3350 475 3416 alios
508 3349 734 3415 coexecutores
768 3345 914 3431 ejusdem
946 3345 1087 3412 Walteri
1120 3346 1244 3412 Heron’
1277 3349 1315 3434 in
1349 3349 1445 3418 dictis

395 3451 618 3539 quadraginta
640 3439 713 3515 octo
743 3447 838 3513 libris
861 3452 896 3513 ct
918 3447 1089 3514 duodecim
1111 3446 1225 3516 solidis
1247 3451 1444 3518 condemna-

395 3559 447 3620 tos
462 3552 570 3632 fuisse,
586 3548 800 3617 reverendam
814 3549 1050 3635 paternitatem
1065 3555 1212 3618 vestram
1226 3554 1420 3621 certificavit
1433 3581 1443 3635 ;

393 3656 471 3722 licet
493 3655 563 3742 ipse
585 3703 594 3722 .
616 3703 623 3721 .
647 3701 654 3717 .
681 3651 828 3718 officialis
844 3651 887 3718 ad
909 3653 956 3718 sic
970 3654 1211 3739 procedendum
1234 3663 1268 3722 et
1289 3659 1442 3725 condem·

358 3835 363 3844 ¹
394 3757 541 3824 nandum
563 3757 751 3823 executores
773 3755 946 3842 praedictos
969 3777 990 3820 a
1017 3756 1112 3824 vobis
1134 3781 1200 3826 non
1230 3761 1381 3828 habuerit
1402 3762 1441 3827 in

393 3858 579 3926 mandatis:
600 3877 724 3943 vosque
746 3859 964 3944 postmodum,
987 3862 1164 3928 reverende
1187 3866 1280 3949 pater
1302 3861 1442 3950 inquisi-

393 3965 518 4030 tionem
541 3957 741 4048 praedictam,
764 3981 823 4048 per
845 3961 972 4027 dictum
996 4013 1003 4029 .
1025 4011 1034 4030 .
1056 4013 1064 4030 .
1087 3962 1256 4032 officialem
1278 3965 1439 4032 archidia-

392 4068 467 4136 coni
481 4063 731 4132 Northumbriae
753 4064 974 4153 certificatam‚
996 4085 1035 4131 aa
1057 4067 1157 4132 etiam
1172 4067 1440 4134 certificatorium

393 4175 427 4237 ct
448 4188 633 4258 processum
647 4165 798 4253 praedicti
819 4165 963 4232 officialis
978 4168 1082 4233 vestri
1095 4169 1335 4250 Dunolmensis,
1355 4172 1440 4257 (quae

395 4273 505 4340 omnia
526 4271 620 4338 nulla
656 4272 743 4348 sunt,
772 4273 812 4335 ut
841 4268 1082 4358 praemittitur‚)
1113 4271 1289 4340 dumtaxat
1326 4274 1438 4353 secuti,

391 4375 586 4465 praedictum
620 4371 790 4440 dominum
821 4370 1006 4438 Walterum
1040 4377 1075 4440 et
1105 4396 1180 4442 suos
1212 4381 1440 4444 coexscutores

392 4479 436 4546 ad
457 4477 688 4566 praedictarum
710 4467 872 4542 summam
894 4472 1108 4563 pecuniarum
1130 4477 1224 4544 vobis
1239 4479 1440 4558 solvendam,

392 4601 452 4672 per
474 4601 642 4646 commem
657 4577 915 4659 ecclesiasticam,
931 4579 1170 4668 compellandos
1185 4581 1255 4648 fore
1269 4605 1439 4672 perperam

391 4681 622 4753 demandastis.
668 4679 713 4749 Et
735 4681 813 4748 licet
834 4680 945 4749 dictus
975 4687 1173 4770 procurator,
1196 4685 1321 4753 advos
1350 4707 1439 4754 acce·
