3564 5744
522 805 724 854 uncrsrnnu
746 804 949 854 emsnmuu
972 806 1212 855 nunnamensn.
1305 791 1391 851 1151

169 1013 536 1074 an.npi..sc1cmffioe,ffi
616 993 786 1071 limandus,
809 992 1024 1079 permissione
1050 993 1174 1076 divina,
1190 994 1394 1058 Dunolmen-
1423 1009 1479 1054 an.
1488 1010 1546 1052 1312.

341 1089 480 1138 uncum
442 1104 502 1139 awa
570 1094 614 1158 sis
637 1095 813 1180 episcopus,
847 1094 1000 1159 omnibus
1027 1095 1071 1160 ad
1105 1117 1186 1180 qnos
1218 1071 1539 1181 praesentesid⁸iiii2⁰‘

340 1192 446 1259 literae
474 1195 694 1280 pervenerint,
718 1197 866 1261 salutem
914 1196 1034 1262 Sciatis
1068 1219 1128 1261 nos
1162 1197 1298 1275 dedisse,
1321 1219 1394 1263 con·
1407 1173 1544 1266 diditi

341 1295 482 1373 cessisse,
505 1301 539 1361 et
568 1297 631 1362 hac
653 1302 743 1363 carta
771 1319 832 1362 nos
834 1301 886 1362 tra
834 1298 1131 1378 t,confirmasse
1154 1299 1296 1365 Ricardo
1326 1298 1436 1366 filioe
1407 1273 1555 1374 qunauq

342 1395 443 1460 Alani
466 1397 507 1462 de
537 1397 694 1476 Kellawe,
723 1398 880 1486 burgensi
901 1399 1126 1478 Dunolmensi,
1156 1423 1215 1486 pro
1245 1373 1538 1488 homagioniiiiiinor

342 1500 376 1561 et
398 1498 534 1564 servitio
560 1521 628 1580 suo,
658 1521 764 1564 unum
794 1501 917 1565 toftum
940 1504 976 1564 et
998 1501 1238 1587 quinquaginta
1261 1505 1296 1566 et
1322 1507 1396 1568 octo

340 1618 431 1662 acras
453 1605 604 1688 terraeet
626 1602 807 1677 dimidiam,
822 1623 898 1666 cum
920 1602 988 1667 suis
1006 1602 1250 1686 pertinentiis
1240 1624 1277 1667 m
1301 1603 1395 1667 Dun-

341 1699 427 1764 olmo
450 1707 485 1765 et
507 1700 741 1768 Plauseworth'
753 1727 762 1784 ;
784 1702 917 1784 scilicet,
942 1703 1067 1767 tostum
1090 1702 1174 1769 illud
1199 1708 1233 1768 et
1255 1703 1396 1791 triginta

341 1808 376 1866 et
390 1821 510 1866 novem
524 1824 616 1869 acras
631 1809 737 1883 terrae,
752 1825 828 1890 quae
854 1804 955 1890 Hugo
979 1804 1021 1868 de
1045 1802 1204 1883 Ellerker,
1228 1806 1394 1890 qnondam

342 1902 512 1990 burgensis
543 1905 785 1983 Dunolmensis
808 1906 919 1972 tenuit
944 1905 979 1969 in
1013 1904 1187 1984 Dunolmo,
1214 1909 1248 1970 et
1271 1912 1396 1993 septem

341 2025 431 2069 acras
454 2011 560 2087 terrae,
576 2028 658 2092 quas
672 2007 781 2072 Adam
804 2006 845 2072 de
868 2006 1079 2092 Beaurepayr
1092 2007 1260 2092 quondam
1286 2008 1397 2074 tenuit

341 2106 504 2171 ineadem
519 2108 609 2189 villa,
634 2114 668 2174 et
690 2112 835 2194 quatuor
856 2127 948 2173 acras
971 2113 1076 2186 terrae,
1104 2130 1185 2192 quas
1210 2108 1395 2175 Willelmus

342 2207 522 2274 Wodinuse
554 2211 721 2295 quondam
753 2209 865 2275 tenuit
886 2210 923 2274 in
943 2209 1056 2275 eadem
1082 2210 1171 2287 villa,
1198 2216 1233 2275 et
1255 2216 1396 2296 quatuor

342 2331 433 2376 aoros
459 2317 557 2377 tenae
583 2315 619 2386 et
650 2310 832 2389 dimidiam,
868 2331 951 2395 quas
990 2310 1164 2397 Philippus
1194 2311 1225 2377 lo
1258 2313 1397 2379 Pestour

342 2411 508 2496 qnondam
531 2413 643 2478 tenuit
668 2412 704 2476 in
720 2412 834 2478 eadem
857 2412 948 2493 villa,
969 2416 1003 2476 et
1026 2418 1168 2498 quatuor
1182 2434 1274 2479 acras
1297 2420 1395 2482 terrae

342 2533 424 2598 quaa
453 2512 542 2578 idem
572 2513 744 2600 Philippus
773 2513 940 2598 quondam
972 2514 1091 2593 tenuit,
1116 2535 1190 2599 quae
1217 2515 1330 2601 jacent
1359 2517 1395 2582 in

342 2615 483 2700 quodam
507 2615 577 2680 loco
600 2615 659 2700 qui
674 2620 811 2680 vocatur
833 2613 1119 2692 “Netlesworth'‚”
1138 2616 1239 2700 juxta
1261 2618 1396 2683 Plause·

342 2717 482 2797 worth’;
503 2716 690 2781 habendum
707 2720 741 2782 et
754 2716 936 2781 tenendum
951 2717 1056 2781 eidem
1072 2717 1213 2783 Ricardo
1237 2725 1271 2783 et
1292 2719 1396 2786 haerc-

342 2817 441 2883 dibus
463 2818 532 2882 suis
554 2817 595 2882 de
618 2817 713 2883 nobis
736 2821 770 2882 et
792 2816 1029 2884 successoribus
1059 2818 1180 2883 nostris
1211 2842 1285 2885 oum
1308 2842 1395 2886 oom-

342 2941 444 2986 muna
464 2924 608 3006 pasturae
631 2920 674 2984 ad
696 2919 869 3006 praedictas
891 2918 988 2984 villas
1010 2919 1168 2985 Dunolmi
1198 2926 1234 2986 et
1263 2920 1397 2988 Plause·

342 3023 460 3088 worth’
475 3022 669 3107 pertinente,
685 3021 728 3086 ad
750 3019 938 3086 omnimoda
951 3021 1063 3086 averia
1085 3021 1189 3108 ipsius
1211 3021 1345 3090 Ricardi
1361 3028 1396 3090 et

343 3124 513 3190 haeredum
536 3145 670 3189 suorum
697 3124 734 3188 in
757 3127 953 3210 perpetuum
975 3122 1068 3188 salva
1090 3123 1184 3188 nobis
1216 3131 1250 3188 et
1273 3146 1396 3191 succes·

345 3226 473 3290 sonibus
502 3225 625 3290 nostris
647 3225 704 3290 via
725 3223 911 3311 appruandi
942 3224 979 3287 in
1009 3225 1113 3290 vastis
1136 3225 1290 3290 villarum
1312 3248 1395 3312 pree-

343 3328 527 3405 dictarum3
563 3326 730 3392 reddendo
767 3326 844 3390 inde
876 3325 1051 3390 annuatim
1083 3325 1179 3390 nobis
1208 3331 1242 3391 et
1271 3348 1396 3394 succes-

344 3429 471 3494 soribus
508 3429 639 3506 nostris,
669 3427 713 3492 ad
744 3428 940 3494 scaccarium
977 3429 1127 3490 nostrum
1164 3427 1394 3506 Dunolmense‚

343 3529 564 3616 quadraginta
579 3534 613 3594 et
628 3550 732 3594 unum
748 3528 869 3593 solidos
884 3531 919 3594 et
933 3531 1006 3592 octo
1022 3526 1181 3605 denarios,
1196 3528 1239 3593 ad
1254 3535 1397 3615 quatuor

343 3630 424 3696 anni
461 3631 619 3696 terminos
650 3630 687 3693 in
720 3629 908 3716 episcopatu
939 3627 1157 3692 Dunolmensi
1189 3631 1395 3708 constitutos,

342 3754 403 3820 per
424 3733 567 3818 aequales
588 3731 761 3818 portiones.
807 3730 852 3795 Et
876 3730 1028 3796 volumus
1051 3733 1085 3795 et
1107 3732 1326 3810 concedimus,
1337 3755 1396 3818 pro

343 3835 440 3900 nobis
462 3839 496 3900 et
530 3833 768 3899 successoribus
789 3832 919 3910 nostris,
944 3833 1033 3928 quod
1063 3831 1211 3898 haeredes
1244 3835 1395 3920 praedicti

343 3935 478 4002 Ricardi
500 3935 708 4002 habeantt
673 3939 708 4001 et
740 3938 878 4000 teneant
910 3919 1067 4020 praedicta
1099 3938 1296 4012 tenemento,
1320 3957 1395 4003 cum

246 4091 251 4102 .
342 4038 560 4125 pertinentiis,
583 4059 657 4102 cum
684 4057 858 4103 commune
879 4035 1045 4124 praedicta,
1071 4039 1111 4100 ut
1133 4036 1332 4122 praedicitur,
1354 4039 1396 4104 de

205 4223 208 4230 Ι
341 4139 438 4206 nobis
461 4146 495 4205 et
517 4138 755 4205 successoribus
769 4137 899 4215 nostris,
915 4158 973 4223 per
988 4135 1091 4202 servit
1092 4137 1124 4200 ia
1140 4137 1276 4222 praedict
1278 4159 1305 4216 a,
1320 4145 1396 4224 post
1467 4137 1468 4140 ’

343 4247 482 4306 mortem
530 4246 771 4306 antecessorum
827 4259 970 4316 suorum,
1009 4237 1231 4324 cujuscunque
1270 4239 1395 4305 suerint

345 4343 462 4420 aetatis,
479 4343 588 4407 dando
610 4341 706 4408 nobis
729 4346 764 4407 et
786 4339 1023 4406 successoribus
1038 4339 1159 4420 nostris
1175 4339 1395 4428 quadraginta
1445 4351 1513 4397 aaa.

344 4442 464 4509 solidos
479 4449 621 4524 tantum,
635 4442 768 4508 nomine
783 4441 906 4522 relevii‚
923 4440 1204 4526 quotienscunque
1219 4443 1396 4529 contigerit

344 4543 434 4611 dicta
465 4549 655 4610 tenemento
688 4543 834 4609 relevari
881 4542 924 4606 Iu
961 4542 1055 4627 cujus
1088 4543 1137 4606 rei
1159 4543 1394 4627 testimonium,

343 4646 490 4734 sigillum
519 4651 668 4712 nostrum
707 4643 926 4733 presentibus
963 4643 1118 4708 duximus
1155 4646 1394 4732 apponendum.
