3538 5712
406 815 493 880 1122
583 824 783 876 aecurrunt
804 819 1008 872 sannuncurt
1030 777 1275 870 nuumumsn.

253 1033 376 1080 numu
405 1008 602 1097 proveniret,
617 1005 871 1070 restituerentur
883 1028 891 1085 ;
913 1003 957 1068 ad
971 1002 1107 1068 assisam
1122 1002 1313 1088 praedictam
1328 1000 1459 1088 capion·
1470 1013 1517 1057 m
1526 1009 1636 1064 roasa

407 1111 484 1176 dam
499 1107 672 1196 procedere
687 1104 889 1185 intendunt3
911 1126 971 1190 per
985 1104 1082 1190 quod,
1098 1104 1127 1169 si
1142 1103 1187 1169 ad
1209 1104 1344 1170 assisam
1367 1103 1458 1168 illam

407 1211 601 1298 capiendam
624 1208 863 1298 procederetur,
886 1210 957 1272 tam
979 1205 1075 1272 nobis
1097 1206 1336 1294 praejudicium,
1359 1226 1458 1291 quam

408 1313 545 1402 praefato
576 1310 701 1378 haeredi
733 1307 1021 1376 exhaeredationis
1037 1308 1227 1396 periculum,
1250 1312 1385 1394 possent
1419 1306 1460 1372 de

409 1415 499 1482 facili
519 1412 690 1478 imminere
701 1435 710 1492 ;
732 1431 801 1488 nos,
822 1409 881 1496 qui
899 1409 977 1495 jura
999 1413 1034 1475 et
1055 1410 1272 1495 possessiones
1293 1407 1460 1476 haeoedum

409 1515 498 1580 inira
519 1516 651 1578 aetatem
674 1515 710 1576 et
732 1511 769 1574 in
790 1510 941 1576 custodia
962 1514 1076 1576 nostra
1097 1511 1315 1578 existentium
1344 1531 1460 1576 manu-

410 1622 530 1696 tenere,
566 1618 600 1679 et
631 1612 719 1698 ipsos
751 1611 905 1694 haeredss,
929 1611 987 1697 qui
1018 1611 1065 1679 sic
1094 1612 1132 1678 in
1165 1613 1316 1678 custodia
1348 1615 1462 1676 nostra

411 1715 545 1794 iruerint,
573 1714 611 1778 in
647 1717 811 1800 quantum
841 1711 1030 1800 poterimus,
1055 1713 1226 1780 indemnes
1262 1733 1462 1790 conservare,

413 1823 573 1894 tenemur,
595 1815 744 1880 volentes
772 1818 843 1879 tam
866 1818 997 1892 nostras,
1026 1835 1125 1900 quam
1159 1815 1290 1903 praefati
1324 1813 1463 1882 haeredis

414 1917 627 1984 indemnitati
658 1915 839 2003 prospicere
861 1915 899 1979 in
933 1915 996 1984 hac
1017 1921 1122 2002 parte,
1143 1916 1238 1982 vobis
1261 1917 1465 1997 mandamus,

294 2075 300 2090 .
371 2074 377 2088 .
415 2019 503 2108 quod
526 2018 555 2084 si
577 2017 626 2082 ita
648 2022 707 2094 est,
732 2022 814 2084 tunc
835 2017 981 2104 praefatis
1014 2017 1208 2102 justiciariis
1242 2018 1361 2082 vestris
1382 2017 1467 2082 detis

415 2123 453 2188 in
475 2118 649 2196 mandatis,
672 2118 761 2204 quod
783 2117 868 2183 nihil
890 2117 927 2183 in
948 2118 1011 2185 hac
1025 2125 1126 2206 parte,
1148 2119 1244 2185 nobis
1266 2119 1469 2198 inconsultis,

416 2222 541 2292 facient
572 2219 627 2284 vel
664 2224 842 2298 attentent,
874 2241 933 2306 per
971 2221 1062 2307 quod
1098 2221 1195 2286 nobis
1235 2222 1470 2308 praejudicium,

416 2329 476 2392 aut
491 2321 633 2409 praefato
648 2320 774 2387 haeredi
796 2321 1074 2388 exhaeredationis
1092 2321 1316 2410 [periculum]‚
1339 2325 1470 2392 evenire

417 2428 575 2515 potenmt
614 2443 746 2509 quoquo
776 2424 882 2491 modo.
935 2423 1032 2490 Teste
1069 2426 1204 2512 meipso,
1240 2426 1332 2512 apud
1363 2427 1471 2493 West·

418 2525 662 2607 monasterium,
686 2521 794 2611 xviij0.
810 2525 865 2591 die
888 2523 978 2605 Maii,
1001 2547 1089 2594 anno
1112 2527 1206 2616 regni
1226 2528 1332 2594 nostri
1354 2549 1448 2596 nono.

721 2727 1472 2919 ottt‘dtuitfflfflss

250 2854 403 3002 ᾖ
420 2883 687 3014 ddddtitovlirmdid
719 2930 901 2996 venerabili
937 2930 975 2995 in
1013 2882 1146 2998 Christo
1182 2935 1279 3021 patri,
1324 2885 1472 3016 Ricanlo:

252 3005 390 3102 fflbffi
421 3016 684 3080 mmmm·
719 3030 833 3095 eedem
856 3031 973 3118 gratia,
996 3032 1213 3100 Dunolmensi
1243 3036 1400 3124 episcope,
1423 3059 1471 3102 sa-

252 3107 392 3203 ixdie
419 3132 534 3202 lutam.
575 3131 669 3197 Licet
714 3153 821 3217 nuper
855 3133 950 3198 vobis
988 3134 1264 3215 mandaverimus,
1302 3139 1399 3224 quod,
1429 3140 1472 3204 ad

252 3207 407 3302 tilioli&
420 3232 621 3320 quindenam
636 3231 836 3298 Natiuitatis
851 3232 965 3300 Sancti
974 3235 998 3300 J
998 3235 1137 3302 ohannis
1152 3238 1313 3324 Baptistae
1323 3241 1472 3326 proximo

253 3308 387 3454 aff·
421 3335 577 3412 summ,
592 3333 759 3400 murata
775 3333 949 3400 servitium
964 3341 1110 3402 vesorum
1126 3340 1216 3424 quos
1229 3341 1324 3406 nonu
1340 3341 1472 3424 deuna

254 3408 408 3555 &pedam
421 3435 511 3523 apud
545 3435 679 3518 Novum
714 3433 869 3501 Castrum
895 3457 994 3523 super
1016 3438 1146 3525 'synam
1158 3465 1167 3523 ;
1197 3443 1241 3506 ad
1273 3464 1355 3528 quos
1387 3445 1473 3511 diem

316 3519 322 3562 ³
410 3538 457 3604 'et
486 3539 603 3618 locum,
628 3558 704 3604 cum
735 3537 827 3622 equis
858 3541 894 3603 et
915 3541 1024 3619 armis,
1053 3547 1088 3607 et
1117 3546 1188 3610 toto
1214 3546 1351 3612 servitio
1381 3547 1474 3613 nobis

422 3639 547 3717 debito,
572 3661 640 3704 esse
674 3661 956 3726 proposueramus,
979 3642 1022 3707 ad
1052 3644 1323 3729 proficiscendum
1355 3649 1472 3714 exinde

423 3743 538 3808 eontra
569 3739 693 3822 Scotos,
710 3740 858 3807 inimicos
881 3747 916 3808 et
939 3743 1075 3810 rebelles
1105 3751 1242 3828 nostros,
1265 3750 1309 3814 ad
1330 3750 1474 3837 ipsorum

425 3841 634 3907 rebellionem
672 3847 706 3906 et
743 3842 936 3928 nequitiam,
958 3865 1033 3911 cum
1071 3847 1135 3912 Dei
1169 3849 1345 3934 adjutorio,
1375 3851 1473 3938 repri-

424 3939 578 4030 mendesJ3
602 3941 643 4008 ob
676 3942 803 4029 aliquas
834 3948 946 4012 amen
976 3951 1082 4014 certas
1113 3971 1235 4030 causas,
1258 3951 1346 4018 diem
1382 3954 1474 4020 illum

423 4067 528 4132 usque
559 4045 603 4110 ad
628 4044 751 4110 festum
786 4046 901 4114 Sancti
936 4049 1109 4116 Laurentii
1142 4054 1293 4139 proximo
1327 4055 1473 4122 futurum

423 4147 581 4213 duximus
603 4148 854 4234 prorogandum.
900 4151 946 4216 Et
976 4149 1051 4218 ideo
1080 4154 1175 4220 vobis
1205 4159 1410 4237 mandamus,
1438 4159 1473 4224 in

424 4249 489 4314 lide
512 4253 547 4314 et
568 4248 743 4316 dilectione
758 4250 878 4336 quibus
900 4251 995 4318 nobis
1017 4255 1187 4338 tenemini,
1211 4259 1352 4325 firmiter
1366 4261 1471 4346 injun-

422 4354 546 4440 gentes,
572 4352 662 4437 quod
692 4353 736 4418 ad
761 4352 870 4419 locum
896 4355 1100 4440 pradictum,
1122 4359 1166 4424 ad
1196 4360 1322 4426 dictum
1354 4362 1471 4428 festum

425 4452 541 4520 Sancti
579 4453 761 4534 Laurentii,
786 4454 935 4521 habeatis
974 4461 1084 4525 toturn
1115 4462 1286 4526 servitium
1325 4471 1470 4532 vestrum

424 4555 513 4641 quod
543 4555 638 4620 nobis
660 4555 795 4646 debetis,
817 4561 1009 4645 promptum
1032 4566 1067 4626 et
1089 4567 1241 4648 paratum
1264 4564 1308 4630 ad
1331 4566 1472 4652 proficis-

426 4657 566 4724 cendum
581 4657 711 4740 exinde,
725 4658 895 4730 nobiscum
912 4666 946 4727 et
969 4682 1044 4727 eum
1068 4662 1142 4728 aliis
1169 4664 1322 4733 fidelibus
1344 4668 1473 4750 nostris,
