3570 5718
400 760 465 824 882
578 771 777 824 nnorsusuu
800 769 1000 822 nummum!
1023 767 1265 820 nuunmmusn

254 973 378 1024 onius
447 950 498 1027 De
520 960 671 1049 portione
694 961 862 1050 Rodulphi
885 960 926 1027 de
947 959 1071 1048 Besege
1092 958 1130 1024 in
1152 957 1266 1026 eedem
1312 990 1326 1004 ·
1371 954 1449 1022 xio.
1462 965 1630 1020 mnino-1.
1765 949 1766 976 ¹

446 1061 497 1130 De
529 1061 680 1150 portione
711 1062 887 1151 Regineldi
914 1061 955 1128 de
989 1059 1153 1127 Brondon'
1176 1058 1309 1124 ibidem.
1354 1055 1451 1122 Nihil

489 1164 569 1251 quio
589 1185 761 1252 nunquam
783 1164 902 1230 hebuit
923 1163 1109 1251 portionem
1130 1159 1262 1226 ibidem.

443 1266 495 1333 De
516 1267 667 1396 portione
689 1289 764 1355 quae
779 1265 845 1332 fuit
860 1264 994 1331 Thomae
1009 1265 1051 1332 do
1066 1262 1250 1331 Leueshom
1264 1260 1301 1326 in
1310 1259 1450 1428 ooolxeelsup

444 1367 677 1556 Decepictritione
708 1491 783 1557 quoe
816 1469 883 1536 fuit
916 1467 1075 1537 willelmi
1113 1467 1154 1534 de
1191 1468 1376 1552 Brompton
1411 1413 1448 1527 in

443 1571 666 1759 Deeaploffione
698 1607 772 1759 quoe
794 1607 1077 1760 finit-Rogemus
1112 1607 1234 1748 Insula,
1256 1669 1294 1734 in
1312 1565 1450 1734 societati

487 1774 529 1839 de
551 1773 586 1840 N
587 1778 691 1842 orton.
737 1773 833 1842 Nihil
855 1773 935 1862 quio
948 1793 1119 1859 nunquam
1140 1772 1207 1838 fuit
1228 1769 1449 1858 portionarius

444 1874 683 2064 nglffiom
713 1999 788 2066 qum
819 1977 886 2044 fuit
918 1977 942 2045 J
943 1976 1085 2044 ohonnis
1122 1976 1164 2044 de
1195 1974 1380 2042 Brebonois
1413 1970 1471 2038 in'

444 2077 676 2267 Defflpduerssiono
707 2181 849 2248 Andreae
879 2182 921 2248 de
956 2180 1151 2268 Kylkenny‚
1175 2180 1213 2245 in
1244 2076 1451 2246 eoolosiofldz

490 2282 691 2370 Derltngton
779 2323 793 2336 .
927 2319 943 2334 .
1077 2319 1091 2332 .
1225 2319 1239 2332 .
1371 2280 1450 2348 lue.

444 2384 495 2452 De
516 2387 669 2472 portione
690 2408 765 2473 quie
794 2386 859 2452 fuit
880 2385 1017 2470 Roberti
1047 2386 1088 2452 do
1111 2384 1209 2468 Biles,
1234 2383 1272 2450 tn
1294 2383 1415 2552 eodepp
1426 2507 1443 2552 8

445 2599 497 2668 De
533 2601 685 2688 portione
716 2623 790 2689 qum
826 2601 893 2666 fuit
925 2601 1089 2669 Johnnnie
1120 2600 1162 2667 de
1201 2599 1406 2688 Metinghnm

444 2802 495 2869 ne
528 2801 651 2921 senso
681 2803 723 2872 oe
746 2804 942 2892 umens,
964 2825 1040 2872 cum
1074 2803 1169 2871 nm
1199 2803 1292 2891 prius
1322 2721 1451 2890 εἶζιῗὲέἶ

444 2909 656 3094 Detrpieur'eone
679 3006 721 3074 do
742 3008 964 3096 Wessington,
987 3029 1062 3076 oum
1084 3007 1181 3074 bonis
1203 3008 1296 3095 prius
1324 2926 1452 3093 sequiori:

489 3109 587 3176 tratis
662 3148 676 3163 ·
811 3146 825 3160 ·
958 3145 972 3159 ·
1105 3145 1119 3160 ·
1256 3130 1451 3178 nmmos.

444 3233 497 3299 De
533 3234 653 3321 quibus
689 3233 785 3300 bonis
824 3233 1046 3319 sequestratis,
1084 3233 1170 3298 nihil
1215 3234 1259 3299 ed
1307 3254 1450 3321 praesens

401 3334 511 3400 levero
533 3336 709 3422 potuimus,
732 3335 811 3422 quie
834 3339 996 3422 emptores
1018 3355 1086 3402 non
1107 3335 1295 3402 invenimus
1318 3340 1452 3422 propter

402 3442 529 3503 metum
562 3436 743 3515 Scotorum,
767 3437 825 3524 qui
847 3459 1003 3524 mugnone
1033 3442 1162 3524 partem
1184 3438 1301 3524 potriae
1323 3435 1448 3502 ibidem

403 3540 653 3606 combusserunt
675 3545 710 3605 et
731 3539 976 3606 destruxerunt.

236 3641 373 3738 ffltffi
449 3647 487 3723 -1-
503 3641 721 3728 Proeoepimus
743 3641 928 3708 vioeoomiti
949 3645 1062 3707 nostro
1083 3639 1307 3721 Dunolmensi,
1323 3645 1359 3706 et
1381 3662 1450 3706 om·

235 3743 360 3838 ffffiige
404 3740 502 3805 nibus
537 3741 612 3806 eliis
643 3741 805 3808 ministris
827 3743 958 3826 nostris
987 3741 1076 3808 infre
1096 3743 1283 3810 libertatem
1305 3747 1452 3810 nostram

237 3841 332 3890 m·
404 3842 668 3926 Dunolmensem,
698 3845 787 3930 quod
823 3845 999 3931 diiigenter
1035 3845 1192 3911 assistant
1230 3845 1374 3911 Roberto
1412 3845 1453 3910 de

405 3943 691 4028 Bmton‘‚010rieo,
714 3945 958 4012 adlevandum
980 3946 1092 4011 omnio
1113 3947 1279 4034 orremgiu
1301 3947 1451 4012 donorio·

404 4068 478 4112 rum
509 4047 643 4114 domino
665 4053 779 4115 nostro
800 4048 873 4136 regi
904 4047 1019 4134 debito
1041 4071 1061 4114 a
1083 4049 1336 4137 quibuscumque
1362 4047 1448 4115 infre

403 4148 591 4216 libertatem
621 4156 768 4217 nostrum
798 4151 1000 4239 proediotem,
1024 4151 1065 4216 de
1087 4157 1234 4238 tempore
1257 4173 1322 4242 quo
1345 4151 1452 4218 diotue

403 4249 567 4319 Robertus
596 4251 662 4316 fuit
684 4257 791 4318 custos
812 4251 1052 4346 temporalium¹
1065 4253 1271 4340 episeopotus
1301 4253 1453 4340 predicti

403 4372 509 4439 nuper
540 4353 698 4432 vetantis,
721 4359 755 4420 et
789 4355 824 4419 in
846 4375 946 4421 manu
977 4354 1102 4420 domini
1124 4355 1229 4421 nostri
1261 4355 1347 4443 regis
1368 4355 1454 4420 exis-

403 4454 515 4535 tentis,
538 4460 613 4542 post
650 4460 790 4524 mortem
827 4457 976 4539 Antonii,
1007 4477 1112 4545 nuper
1144 4457 1288 4546 episoopi
1317 4456 1469 4536 ibidem,·

402 4555 581 4622 seeundum
604 4563 754 4626 tenorem
775 4559 886 4626 brevis
908 4558 1035 4627 domini
1057 4560 1164 4627 nostri
1187 4559 1281 4648 mgis.
