3538 5712
414 803 500 866 1108
583 811 789 892 ιιιιιιιιιιιιι
812 807 1016 858 cananaeis
1039 801 1278 856 ιιιιιιιιιιιιιιιι

261 1026 317 1070 au.
325 1027 383 1070 urs
412 998 527 1064 eadem
564 999 679 1084 gratia,
711 995 928 1060 Dunolmensi
965 994 1124 1080 episcopo,
1159 989 1310 1056 salutem.
1356 985 1644 1052 vobisc-maa

245 1088 371 1183 nappe
412 1101 615 1176 mandamus,
639 1098 726 1185 quod
749 1098 863 1162 venire
893 1094 1023 1159 faciatis
1053 1113 1162 1158 coram
1197 1087 1404 1155 thesaurario
1426 1093 1460 1152 et

245 1187 383 1290 Ἢῇῗ,
412 1201 592 1267 baronibus
607 1200 648 1264 de
662 1199 829 1266 Scaocario
843 1201 965 1274 nostro,
982 1194 1071 1281 apud
1086 1191 1425 1267 westmonasterium,
1439 1211 1460 1253 a

245 1289 388 1332 ‘'fnum''
414 1303 467 1368 die
491 1301 606 1368 Sancti
629 1299 796 1364 Hillarii
787 1320 823 1364 ιιι
845 1320 901 1362 xv.
925 1297 1014 1373 dies,
1027 1295 1187 1361 Thomam
1210 1295 1251 1358 de
1274 1292 1458 1378 Erington',

414 1403 573 1470 vicarium
584 1402 727 1468 wclesiae
742 1399 783 1466 de
793 1398 1004 1474 Herteburn',
1026 1397 1069 1461 ad
1083 1392 1348 1482 respondendum
1363 1392 1459 1458 nobis

414 1508 449 1570 et
486 1504 615 1570 dilectis
652 1509 687 1568 et
717 1501 870 1567 fidelibus
892 1499 1024 1575 nostris,
1045 1496 1192 1563 Johanni
1214 1495 1256 1560 de
1280 1493 1402 1559 Foxele
1424 1499 1458 1560 et

413 1603 548 1670 Thomas
570 1604 612 1670 de
637 1602 838 1688 Wylughby,
862 1620 953 1687 quos,
977 1621 1034 1686 per
1056 1599 1169 1664 literas
1190 1601 1321 1662 nostras
1343 1600 1459 1682 paten-

413 1711 473 1784 tes,
508 1704 749 1790 assignavimus
781 1704 824 1768 ad
856 1702 1045 1769 omnimoda
1077 1700 1198 1776 debita,
1230 1719 1305 1784 quae
1327 1697 1459 1762 domino

412 1807 570 1884 Antonio,
603 1806 768 1892 quondam
802 1803 997 1891 patriarchae
1026 1801 1303 1887 Jerosolymitano
1325 1805 1360 1864 et
1392 1799 1459 1884 epi·
1594 1893 1600 1902 Ι

413 1928 509 1994 scopo
526 1907 753 1986 Dunolmensi,
770 1906 849 1971 dum
871 1905 969 1986 vixit,
992 1910 1027 1970 et
1049 1904 1119 1990 ejus
1141 1901 1370 1968 executoribus
1386 1911 1460 1987 post

413 2015 553 2075 mortem
577 2031 679 2088 suam,
703 2009 836 2074 nomine
859 2031 927 2086 suo,
949 2030 970 2072 a
986 2005 1237 2092 quibuscunque
1251 2003 1399 2090 personis
1423 2008 1458 2066 et

414 2131 457 2174 ex
479 2131 673 2196 quacunque
695 2131 802 2187 causa,
824 2109 1031 2175 debebantur
1052 2105 1185 2171 nomine
1214 2109 1336 2184 nostro,
1360 2102 1459 2168 etad

415 2231 498 2296 opus
528 2217 688 2288 nostrum,
719 2211 883 2297 exigenda
913 2215 949 2275 et
981 2209 1132 2286 levanda,
1154 2207 1195 2272 de
1217 2212 1344 2292 sepiem
1366 2203 1459 2268 libris

414 2333 469 2376 xv.
504 2311 618 2376 solidis
649 2311 694 2396 xj.
718 2311 863 2376 denariis
897 2333 963 2376 uno
997 2309 1092 2376 obolo
1123 2314 1157 2374 et
1179 2329 1245 2374 uno
1268 2308 1459 2392 quadrante,

414 2412 451 2475 in
466 2412 586 2496 quibus
598 2412 685 2478 idem
708 2411 850 2478 Thomas
872 2413 1010 2498 proefato
1033 2409 1230 2498 patriarchae
1244 2413 1279 2475 et
1302 2409 1460 2496 episcopo,

415 2513 469 2578 die
491 2535 556 2598 quo
578 2513 670 2592 obiit,
693 2514 877 2591 tenebatur,
901 2519 940 2580 ut
962 2514 1061 2578 iidem
1085 2512 1255 2577 Johannes
1270 2517 1305 2576 et
1319 2511 1460 2576 Thomas

415 2614 540 2693 dicunt,
556 2615 642 2680 sicut
663 2614 906 2680 rationabiliter
928 2621 1109 2680 monstrare
1130 2618 1296 2701 potenmt,
1311 2613 1399 2698 quod
1414 2613 1461 2678 eis

415 2715 494 2780 inde
516 2715 712 2801 respondere
735 2717 860 2782 debeat
893 2716 938 2781 Et
951 2715 1103 2781 habeatis
1118 2715 1166 2780 ibi
1182 2720 1262 2781 tunc
1277 2715 1338 2780 hoc
1352 2714 1460 2781 breve.

415 2814 522 2892 Teste,
545 2815 587 2880 H.
623 2814 665 2880 de
695 2815 881 2898 Stauuton’,
904 2817 992 2903 apud
1015 2816 1354 2893 westmonasterium,
1376 2815 1458 2901 viijo.

415 2916 470 2980 die
492 2915 692 2994 Decembris,
713 2938 801 2983 anno
824 2919 917 3005 regni
939 2917 1043 2983 nostri
1068 2938 1163 2983 ncnc.

248 3093 297 3138 rue
304 3093 380 3147 ιιιῂ
423 3097 506 3212 niam
525 3113 592 3212 ηρ,
613 3099 681 3162 qm
759 3068 951 3146 Edwardus,
983 3067 1045 3133 Dei
1086 3069 1202 3155 gratia,
1233 3091 1294 3135 rex
1323 3067 1461 3156 Angliae,

249 3145 355 3195 vrit,e·d

249 3175 451 3246 cubatum
446 3230 469 3278 d
491 3164 584 3213 Men
577 3162 681 3242 J-tprae
714 3169 867 3235 domiuus
891 3169 1074 3248 Hiberniae,
1097 3175 1132 3235 et
1169 3171 1240 3235 dux
1261 3170 1460 3256 Aquitaniae,

249 3243 406 3338 liniri&
414 3229 448 3346 jeu
448 3244 563 3346 alffius
562 3243 681 3346 {mffl
714 3270 867 3336 omnibus
888 3271 931 3336 ad
953 3293 1034 3357 quos
1065 3277 1241 3359 praesentes
1262 3271 1369 3338 literae
1390 3293 1462 3359 per·

249 3347 398 3488 ffiffips-
417 3361 515 3412 010Νο
514 3361 580 3412 nam.
718 3373 880 3452 venerint,
919 3371 1067 3438 salutem.
1113 3373 1231 3438 Sciatis
1263 3373 1365 3490 quod,
1389 3394 1461 3438 cum

250 3493 406 3588 &affin
421 3473 621 3540 venerabilis
643 3481 747 3562 pater,
771 3473 941 3552 Ricardus,
964 3473 1199 3540 Dunolmensis
1219 3475 1399 3561 episcopus,
1419 3475 1462 3539 ad

250 3593 357 3637 masne
417 3582 565 3642 nostram
588 3575 846 3662 requisitionem,
870 3580 1013 3641 castrum
1037 3597 1135 3642 suum
1148 3575 1190 3640 de
1206 3575 1354 3642 Norbam
1369 3577 1462 3642 nobis

251 3643 369 3786 {itiaque
376 3694 404 3737 or
418 3665 613 3744 concesserit
646 3683 680 3742 et
711 3677 909 3753 liberaverit,
932 3676 1111 3742 tenendum
1146 3682 1182 3742 ιι
1214 3677 1461 3745 custodiendum

251 3793 339 3847 amu.
418 3799 477 3864 per
498 3777 571 3842 illos
595 3799 676 3862 quos
699 3778 826 3844 adhoc
849 3777 1124 3865 deputaverimus,
1151 3779 1319 3865 usquead
1342 3779 1461 3845 festum

419 3879 618 3944 Nativitatis
643 3879 934 3944 SanctiJobannis
957 3878 1116 3966 Baptistae
1139 3880 1290 3966 proximo
1304 3882 1461 3962 futurum,

417 4003 478 4068 pro
500 3981 592 4046 salva
614 3985 648 4046 et
670 4001 784 4047 secura
805 3981 955 4046 custodia
977 3982 1121 4067 partium
1155 3982 1311 4050 Marchiae
1335 3983 1461 4062 Scotiae,

418 4087 534 4148 contra
550 4081 629 4147 Scot
615 4087 666 4148 tos
689 4083 839 4149 inimicos
862 4088 897 4148 et
917 4083 1056 4149 rebelles
1078 4090 1213 4163 nostros,
1229 4107 1299 4166 nos,
1315 4086 1462 4152 volentes

419 4184 522 4270 ipsius
544 4183 696 4270 episcopi,
720 4189 755 4249 ιι
777 4183 920 4251 ecclesiae
943 4207 1013 4252 suae
1035 4185 1150 4252 Sancti
1173 4185 1348 4253 Outhberti
1371 4187 1461 4252 Dun-

421 4285 575 4350 olmensis
610 4285 831 4364 indemnitati,
853 4287 891 4350 in
923 4288 985 4354 hac
1009 4293 1111 4373 parte,
1134 4288 1315 4374 providere,
1338 4310 1463 4355 conces-

422 4386 524 4451 simus
546 4386 584 4464 ei,
608 4407 667 4472 pro
689 4385 784 4450 nobis
807 4391 841 4452 et
855 4386 1041 4454 haeredibus
1055 4389 1186 4472 nostris,
1202 4390 1290 4476 quod
1304 4392 1463 4458 concessio

421 4492 455 4553 ιι
476 4488 627 4552 liberatio
650 4487 731 4553 dicti
753 4489 862 4568 castri,
885 4489 921 4553 in
943 4490 1048 4556 forma
1070 4492 1236 4576 praedicta,
1258 4493 1355 4558 nobis
1369 4493 1462 4572 facta,

420 4588 526 4651 eidem
558 4588 709 4674 episcopo
731 4593 792 4654 aut
825 4591 1067 4657 successoribus
1090 4592 1168 4671 suis,
1191 4593 1351 4680 episcopis
1372 4595 1465 4659 Dun-

420 4687 627 4765 olmensibus,
649 4690 704 4754 vel
725 4690 868 4758 ecclesiae
891 4712 959 4758 suaa
981 4693 1157 4779 praedictae,
1180 4695 1407 4781 praejudicium
1429 4696 1465 4761 in
