3538 5712
503 827 701 878 accursus
724 825 925 877 sensurum
946 827 1186 880 norummrsn
1286 815 1369 879 1081

155 1021 201 1068 Aa
209 1011 483 1099 lctmcompotis
492 1013 677 1093 reddendis,
700 1019 769 1078 tam
792 1013 833 1079 de
856 1018 1003 1100 tempore
1027 1035 1092 1100 quo
1114 1014 1180 1080 fuit
1202 1019 1369 1104 contraro·
1401 1027 1524 1074 annam.

323 1114 450 1180 tulator
471 1120 584 1181 noster
605 1114 790 1182 camerarius
820 1121 942 1182 nostrae
975 1116 1103 1196 Scotiae,
1137 1138 1236 1202 quam
1260 1121 1369 1182 custos

323 1221 484 1282 custumae
510 1217 691 1288 nostraein
713 1221 812 1302 portu
834 1217 1025 1304 Berewyci;
1049 1217 1144 1283 vobis
1167 1218 1371 1292 mandamus,

324 1315 410 1382 sicut
446 1316 576 1402 pluries,
611 1316 699 1403 quod
730 1317 802 1382 sine
824 1317 983 1384 dilatione
1014 1319 1211 1404 sequestrari
1241 1318 1371 1383 faciatis

324 1417 436 1484 omnia
457 1418 544 1483 bona
566 1417 783 1484 ecclesiastica
804 1439 879 1503 quae
902 1418 1011 1485 dictus
1043 1419 1217 1485 defunctus
1250 1418 1370 1482 habuit

324 1517 378 1583 dis
400 1519 568 1604 praedictc,
590 1518 632 1583 ad
655 1539 926 1606 quorumcunque
956 1541 1073 1584 manus
1096 1519 1310 1596 devenerunt,
1334 1517 1371 1582 in

224 1641 229 1650 ·
324 1618 456 1684 dimesi
479 1625 590 1684 vestra
611 1619 779 1706 praedicta,
801 1642 839 1685 ac
861 1621 975 1686 eadem
997 1622 1094 1700 bona,
1109 1641 1168 1706 per
1190 1639 1371 1685 sacramen·

323 1724 396 1784 tum
410 1719 588 1808 proborum
603 1725 638 1786 et
651 1720 809 1808 legalium
822 1721 1001 1799 hominum,
1017 1720 1160 1786 fideliter
1175 1720 1371 1808 appretiata,

319 1819 420 1904 juxta
434 1841 550 1887 verum
572 1821 717 1887 valorem
733 1823 918 1903 eorundem,
935 1821 1165 1888 executoribus
1180 1820 1372 1888 testamenti

322 1920 472 2006 praedicti
504 1921 661 2003 defuncti,
685 1928 747 1987 eut
780 1922 851 2008 ejus
885 1922 1081 2000 heredibus,
1105 1924 1133 1988 si
1165 1924 1235 2010 ipse
1255 1943 1372 1988 execu-

322 2026 409 2087 tores
432 2042 500 2087 non
522 2022 651 2101 habeat,
672 2043 732 2110 per
745 2023 958 2089 sufficientem
976 2024 1263 2112 manucaptiouem
1277 2022 1373 2088 vobis

322 2122 567 2200 inveniendam,
590 2124 719 2188 essendi
751 2145 861 2190 coram
891 2125 1096 2190 thesaurario
1125 2130 1160 2190 et
1191 2121 1370 2189 baronibus

199 2285 204 2294 ,
323 2223 364 2288 de
387 2221 556 2289 Scaccado
577 2227 699 2301 nostro,
722 2225 810 2310 apud
832 2225 1170 2304 westmonasterium,
1193 2245 1214 2289 a
1235 2223 1289 2290 die
1304 2223 1373 2290 Na-

324 2323 470 2389 tiuitatis
493 2323 608 2391 Sancti
631 2324 795 2390 Johannis
818 2325 979 2412 Baptistae
1001 2327 1038 2391 in
1061 2349 1116 2392 nu.
1140 2327 1219 2404 dies,
1234 2326 1277 2392 ad
1299 2326 1373 2393 red-

324 2425 469 2490 dendum
491 2432 659 2513 computos
681 2426 863 2513 praedictos,
878 2433 913 2493 et
928 2425 971 2492 ad
993 2427 1261 2494 satisfaciendum
1276 2427 1373 2494 nobis

323 2525 448 2592 ibidem
470 2526 512 2592 de
533 2547 572 2592 eo
594 2527 683 2613 quod
704 2528 799 2593 nobis
833 2528 945 2593 deberi
977 2529 1159 2616 continget,
1183 2550 1241 2615 per
1263 2528 1372 2594 reddi·

323 2625 448 2692 tionem
470 2633 696 2715 compotorum
719 2629 905 2707 eorumdem,
922 2633 1086 2714 quatenus
1101 2630 1189 2695 bona
1203 2635 1237 2694 et
1252 2629 1373 2696 catalla

309 2715 399 2813 'quae
420 2728 557 2794 ficerunt
578 2729 729 2815 praedicti
752 2729 909 2808 defirncti,
932 2751 1007 2815 quae
1041 2729 1085 2795 ad
1116 2751 1234 2795 manus
1255 2730 1372 2815 hujus·

323 2829 413 2895 modi
435 2836 647 2896 executurum
671 2830 725 2896 vel
757 2829 927 2896 haeredum
961 2831 1007 2896 si‘c
1039 2831 1241 2914 devenerint,
1265 2831 1373 2897 valere

322 2931 493 3018 continget
524 2952 582 3018 per
619 2931 841 3010 indenturam,
874 2932 963 2997 inter
998 2953 1059 2999 vos
1099 2940 1133 3000 et
1170 2934 1258 3020 ipsos
1294 2933 1372 2999 iude

323 3031 515 3111 faciendum,
537 3033 667 3098 faciatis
697 3031 840 3099 liberari.
886 3033 981 3098 Etsi
1003 3033 1152 3100 fortassis
1182 3040 1372 3102 executores

323 3140 384 3199 aut
405 3133 550 3200 haeredes
572 3133 724 3220 praedicti
746 3134 837 3199 dicta
857 3133 946 3199 bona
976 3135 1127 3220 praedicti
1150 3136 1298 3203 defuncti
1321 3159 1373 3202 re·

324 3235 512 3300 cusaverint
533 3235 687 3320 recipere,
708 3235 746 3298 in
775 3234 882 3299 forma
903 3236 1104 3321 supradicta,
1127 3241 1208 3301 tunc
1240 3257 1279 3302 ea
1309 3236 1372 3303 sub

322 3337 415 3403 salvo
445 3341 616 3422 sequestro
647 3337 778 3402 faciatis
809 3337 977 3416 custodiri,
999 3339 1103 3405 donec
1135 3338 1228 3404 aliud
1249 3338 1329 3404 inde
1351 3361 1373 3405 a

323 3437 420 3504 nobis
442 3437 627 3502 habueritis
658 3437 694 3501 in
716 3436 891 3502 mandetis.
937 3437 982 3503 Et
1003 3440 1154 3504 c‘onstare
1175 3439 1305 3506 faciatis
1328 3439 1370 3504 ad

323 3541 448 3606 dictum
472 3537 677 3605 Scaccarium
706 3544 865 3616 nostrum,
890 3537 933 3602 ad
955 3537 1043 3604 diem
1070 3539 1274 3624 praedictum,
1298 3561 1372 3625 quse

323 3641 411 3706 bona
446 3638 673 3718 ecclesiastica,
695 3659 769 3723 quae
806 3637 942 3703 fuerunt
974 3638 1124 3724 praedicti
1159 3640 1312 3720 defunct,
1337 3644 1372 3706 et

323 3741 417 3827 cujus
450 3739 551 3826 pretii
582 3738 761 3806 secundum
791 3760 906 3804 verum
929 3739 1073 3804 valorem
1105 3740 1285 3807 eorundem
1318 3763 1369 3808 se·
1431 3775 1438 3790 ·

324 3841 486 3927 questrari
516 3839 669 3917 feceritis,
702 3839 869 3906 occasione
902 3840 1072 3926 predicta,
1109 3848 1144 3907 et
1182 3842 1260 3924 ubi;
1284 3846 1319 3909 et
1340 3843 1369 3910 si

323 3942 438 4008 eadem
452 3941 541 4007 bona
562 3941 709 4029 praefatis
731 3941 963 4008 executoribus
992 3947 1052 4008 aut
1081 3942 1267 4010 haeredibus
1289 3945 1371 4012 libe-

236 4091 239 4100 -
325 4044 485 4122 raveritis,
508 4049 547 4108 ut
569 4043 793 4130 premittitur,
818 4048 900 4110 tunc
934 4044 975 4109 de
998 4045 1250 4131 manucapticne
1272 4067 1371 4133 quam

324 4146 367 4213 ab
404 4147 453 4210 eis
476 4145 561 4210 ‚inde
591 4143 787 4232 receperitis.
834 4143 880 4209 Et
913 4145 1094 4211 remitbtis
1126 4146 1175 4211 ibi
1206 4153 1287 4212 tunc
1308 4146 1370 4212 hoc

324 4247 430 4312 breve.
477 4245 586 4326 Teste,¹
599 4245 642 4312 Η.
665 4246 706 4309 de
729 4245 914 4323 Staunton',
930 4246 1018 4333 apud
1034 4246 1370 4330 westmonasterium,

324 4344 432 4433 xxvj⁰.
455 4347 509 4414 dis
532 4347 623 4426 Maii,
645 4367 733 4413 anno
754 4348 848 4433 regni
870 4348 976 4413 nostri
999 4354 1125 4416 octavo.

325 4571 465 4623 Retommn
571 4551 634 4616 Per
648 4550 740 4616 istud
760 4549 870 4628 breve,
885 4550 974 4616 bona
987 4572 1062 4637 quae
1075 4550 1209 4618 fuerimt
1226 4553 1372 4634 Roberti,
1384 4557 1509 4655 mco

327 4639 448 4702 eunom.
526 4673 673 4740 personae
695 4651 837 4721 ecclesiae
860 4652 900 4718 de
923 4651 1029 4735 Ford’,
1050 4655 1095 4719 sd
1117 4653 1221 4742 xlviij.
1232 4653 1268 4724 bi.
1278 4655 1335 4742 xij.
1347 4675 1371 4724 s.
1385 4659 1524 4716 caueret
