3524 5716
395 794 482 868 1214
574 804 772 856 anorsrnmr
795 802 998 854 rmnrmun
1020 801 1260 852 nunsnurssn

242 1005 362 1052 numa
393 990 550 1070 Kellawe,
573 988 739 1056 Willelmo
762 989 803 1053 de
826 989 1055 1073 Brakenbyry,
1078 988 1224 1054 Henrieo
1247 988 1288 1053 de
1312 987 1624 1075 Lange-musaea

391 1093 469 1169 ton’,
506 1090 658 1156 iohanne
690 1091 730 1155 de
768 1090 973 1176 Brunighill’,
998 1089 1161 1156 Willelmo
1200 1090 1240 1155 de
1275 1087 1443 1176 Killorhy,

391 1199 425 1259 et
455 1193 538 1258 aliis.
584 1191 709 1257 Datum
741 1192 830 1277 apud
857 1191 1054 1273 Evenwode,
1087 1188 1184 1275 xxij⁰.
1219 1190 1440 1278 diasprum,

390 1317 476 1360 anno
510 1293 646 1360 Domini
676 1292 849 1359 millesimo
877 1293 1109 1360 trecentesimo
1145 1293 1381 1372 tertiodecimo,
1405 1301 1441 1359 et

389 1397 602 1486 pontificatus
623 1395 729 1461 nostri
751 1397 901 1462 seeundo,

223 1607 352 1710 ἓιυιὲἑιᾱιο
390 1631 467 1684 cm
478 1631 593 1698 Hugonis
672 1598 841 1676 Rieardus
864 1599 1076 1684 permissione
1098 1597 1223 1674 divina,
1237 1596 1440 1662 Dunelmen·

222 1671 310 1803 ΟοΞξ
308 1671 471 1804 ⁰1lnsd⁰⁰
407 1698 538 1750 00’11011·
626 1699 671 1764 sis
693 1701 875 1787 episeopus,
891 1699 1043 1765 omnibus
1065 1697 1127 1766 hoe
1148 1699 1304 1784 seriptum
1319 1697 1440 1762 visuris

223 1809 379 1912 mmm
390 1801 443 1864 vel
465 1799 560 1866 audit
545 1800 637 1882 turis,
661 1801 833 1866 salutsm'
824 1823 861 1866 m
884 1800 1035 1866 Domino.
1081 1798 1251 1865 Noveritis
1281 1820 1341 1864 nos
1363 1819 1440 1864 oon-

222 1909 356 2006 baffio
325 1901 531 1980 mdoessissa
547 1901 730 1983 dedissemt
752 1903 814 1968 hae
836 1908 927 1969 carta
940 1907 1053 1967 nostra
1075 1900 1290 1979 confirmasse,
1302 1899 1439 1986 Hugoni

391 2003 433 2068 de
455 2001 579 2070 Ooken'
603 2004 823 2092 quadraginta
854 2011 920 2070 tres
946 2025 1038 2070 aeras
1068 2008 1166 2069 terrae
1189 2009 1224 2069 et
1256 2003 1439 2081 dimidiam,

391 2107 553 2183 videlicet,
577 2106 717 2192 triginta
750 2111 784 2171 et
817 2110 891 2172 osto
924 2125 1015 2172 aeras
1038 2106 1178 2171 terrae'
1168 2127 1204 2169 ιιι
1227 2125 1318 2169 mora
1351 2105 1440 2169 inter

391 2207 623 2293 Kymlesword
644 2213 678 2273 et
700 2207 911 2285 Dunelmum‚
934 2212 969 2272 et
995 2207 1140 2292 quinque
1162 2197 1253 2270 aeras
1282 2209 1381 2270 terrae
1404 2209 1440 2270 et

391 2309 564 2375 dimidiam
592 2309 740 2394 jacentes
772 2309 861 2374 inter
883 2330 1034 2395 eampum
1066 2308 1158 2373 Petri
1188 2307 1242 2373 del
1265 2305 1373 2383 Orok',
1396 2327 1439 2370 ex

391 2433 459 2478 una
480 2419 583 2498 parta,
592 2332 640 2476 Jet
656 2411 703 2476 Le
725 2410 849 2477 Petker
863 2412 904 2476 de
927 2411 1079 2488 Neuton',
1104 2432 1147 2475 ex
1168 2409 1294 2490 altera3
1323 2414 1438 2474 tenen·

392 2513 527 2578 dumet
549 2512 735 2578 babendum
758 2513 846 2578 dieto
868 2512 1015 2599 Hugoni,
1029 2510 1214 2577 haeredibus
1237 2515 1271 2576 et
1293 2511 1438 2596 assigna·

392 2613 437 2679 tis
459 2615 535 2696 suis,
559 2614 600 2679 da
622 2613 717 2680 nobis
732 2620 767 2680 et
789 2612 1026 2682 suecessoribus
1049 2613 1177 2691 nostris,
1192 2611 1302 2690 libere,
1317 2612 1439 2698 quiete,

391 2715 473 2780 bene
494 2720 529 2781 et
551 2716 693 2801 pacifice,
708 2737 783 2781 oum
801 2715 953 2780 omnibus
975 2714 1184 2780 libertatibus
1199 2719 1233 2779 et
1254 2713 1439 2800 aysiamen·

391 2817 435 2880 tis
472 2817 515 2881 od
546 2817 705 2904 praedieta
738 2822 842 2882 terras
871 2822 905 2882 et
938 2822 1127 2882 tenemento
1158 2815 1438 2901 qualitercumque

391 2919 622 3004 spectantibus,
646 2919 899 3004 inperpetuum,
916 2941 974 3005 per
989 2918 1161 2983 servitium
1179 2917 1437 3004 quadragesimae

389 3019 494 3105 partis
527 3019 614 3084 feodi
648 3021 747 3084 unius
778 3020 915 3101 militis3
954 3019 1120 3086 reddendo
1153 3018 1232 3083 indo
1264 3019 1438 3085 annuatim

390 3119 484 3185 nobis
507 3126 541 3186 et
572 3121 810 3188 suecessoribus
832 3121 963 3200 nostris,
985 3121 1029 3186 ιιιι
1062 3119 1257 3187 seaeoarium
1288 3124 1437 3186 nostrum

391 3222 620 3301 Dunelmense,
634 3222 758 3309 viginti
780 3228 815 3289 et
836 3244 956 3288 novem
979 3223 1108 3302 solidos,
1132 3221 1175 3287 ad
1193 3226 1337 3307 quatuor
1358 3222 1438 3288 anni

390 3325 546 3390 terminos
561 3323 598 3388 in
610 3323 798 3410 episcopatu
810 3323 1023 3390 Dunelmensi
1038 3323 1243 3404 constitutos,
1256 3345 1314 3410 per
1328 3345 1438 3409 aequa·

390 3427 436 3491 les
452 3426 629 3512 portiones.
676 3425 722 3492 Et
737 3426 846 3492 dietus
862 3425 964 3512 Hugo
980 3431 1014 3490 et
1029 3425 1186 3506 haeredes,
1202 3426 1258 3491 vel
1278 3425 1438 3512 assignati

390 3529 452 3609 sui,
475 3528 601 3594 molent
629 3527 729 3594 blada
760 3550 829 3607 sua,
851 3529 888 3592 in
910 3527 1008 3594 dietis
1030 3527 1230 3594 tenementis
1252 3528 1437 3606 crescentia,

390 3631 434 3694 ad
456 3630 645 3696 molendina
676 3634 792 3696 nostra
824 3628 991 3708 Dunelmi,
1017 3629 1062 3694 ad
1084 3629 1250 3694 decimum
1283 3633 1438 3695 octavum

390 3753 458 3796 vas.
489 3732 536 3797 Et
558 3731 704 3797 haeredes
726 3732 809 3798 dicti
826 3731 980 3818 Hugonis
995 3730 1125 3798 dabunt
1148 3752 1208 3818 pro
1230 3731 1352 3797 relevio
1367 3753 1436 3810 suo,

391 3855 465 3898 oum
492 3833 668 3919 eontigerit
691 3854 746 3898 eos
779 3837 904 3899 terram
935 3853 1029 3898 suam
1058 3833 1213 3912 relevare,
1248 3831 1372 3918 viginti
1402 3840 1438 3898 st

390 3955 509 4000 novem
532 3935 653 4001 solidos
685 3939 828 4014 tantum,
849 3956 910 4021 pro
941 3933 1095 4000 omnibus
1126 3935 1270 4000 servitiis
1303 3935 1437 4000 saecula-

388 4037 481 4102 ribus
502 4041 538 4101 et
560 4035 741 4102 demendis.
788 4036 830 4100 In
845 4035 937 4120 eujus
959 4034 1008 4102 rei
1030 4036 1264 4114 testimonium,
1280 4036 1439 4122 praesenti

390 4144 492 4205 cartae
527 4139 676 4226 sigillum
706 4143 856 4204 nostrum
887 4138 1044 4203 duximus
1075 4138 1315 4225 apponendum.
1360 4136 1437 4202 Hiis

389 4241 539 4319 testibus,
563 4239 714 4318 dominis,
730 4239 856 4305 Thoma
877 4239 919 4305 de
943 4238 1080 4318 Oolvill’,
1103 4239 1230 4304 Thoma
1251 4239 1293 4304 de
1308 4237 1438 4303 White-

388 4342 513 4422 worth'‚
530 4341 684 4408 Odinello
699 4342 872 4427 Heyroun,
895 4340 1067 4422 militibus,
1083 4340 1209 4406 Thoma
1231 4340 1272 4406 de
1295 4339 1437 4427 Fysshe-

388 4443 496 4524 burn',
528 4443 694 4510 Willelmo
726 4445 767 4511 ds
798 4445 938 4525 Donum,
964 4443 1110 4510 Patricio
1132 4445 1174 4510 de
1196 4443 1354 4524 Kellswe,
1377 4443 1436 4509 Jo-

389 4546 500 4611 hanne
522 4547 562 4612 de
589 4547 790 4628 Alensheles‚
818 4552 853 4612 et
879 4547 961 4612 aliis.
1006 4545 1132 4612 Datum
1153 4547 1244 4638 apud
1259 4544 1435 4626 Aukland',

387 4646 448 4712 ix⁰.
471 4647 525 4712 die
547 4647 639 4727 Maii,
662 4669 749 4715 anno
771 4647 907 4714 Domini
930 4653 990 4717 eto.
1015 4645 1164 4735 [meoet]
1189 4644 1283 4732 xfij0„
1298 4652 1333 4714 et
1354 4667 1435 4734 pon-

387 4749 535 4817 tificatus
557 4751 663 4816 nostri
685 4752 833 4818 seeundo.
