<?xml version="1.0" encoding="UTF-8"?>
<!DOCTYPE html PUBLIC "-//W3C//DTD XHTML 1.0 Transitional//EN"
    "http://www.w3.org/TR/xhtml1/DTD/xhtml1-transitional.dtd">
<html xmlns="http://www.w3.org/1999/xhtml" xml:lang="en" lang="en">
 <head>
  <title>
</title>
<meta http-equiv="Content-Type" content="text/html;charset=utf-8" />
  <meta name='ocr-system' content='tesseract 3.04.00' />
  <meta name='ocr-capabilities' content='ocr_page ocr_carea ocr_par ocr_line ocrx_word'/>
</head>
<body>
  <div class='ocr_page' id='page_1' title='image "./registrumpalati00kellgoog_0245.png"; bbox 0 0 3570 5718; ppageno 0'>
   <div class='ocr_carea' id='block_1_1' title="bbox 518 791 1383 865">
    <p class='ocr_par' dir='ltr' id='par_1_1' title="bbox 518 791 1383 865">
     <span class='ocr_line' id='line_1_1' title="bbox 518 791 1383 865; baseline -0.002 -11"><span class='ocrx_word' id='word_1_1' title='bbox 518 805 716 865; x_wconf 75' lang='lat' dir='ltr'><strong>sumsistis</strong></span> <span class='ocrx_word' id='word_1_2' title='bbox 740 803 943 858; x_wconf 77' lang='lat' dir='ltr'><strong>rsnsrmuu</strong></span> <span class='ocrx_word' id='word_1_3' title='bbox 965 805 1206 856; x_wconf 79' lang='lat' dir='ltr'><strong>nuunnunnsn</strong></span> <span class='ocrx_word' id='word_1_4' title='bbox 1320 791 1383 854; x_wconf 83' lang='lat'><strong>861</strong></span> 
     </span>
    </p>
   </div>
   <div class='ocr_carea' id='block_1_2' title="bbox 165 984 1539 4726">
    <p class='ocr_par' dir='ltr' id='par_1_2' title="bbox 165 984 1539 3407">
     <span class='ocr_line' id='line_1_2' title="bbox 165 984 1539 1056; baseline 0.002 -9"><span class='ocrx_word' id='word_1_5' title='bbox 165 984 384 1056; x_wconf 69' lang='lat' dir='ltr'><strong>sn.sn2s1.Et</strong></span> <span class='ocrx_word' id='word_1_6' title='bbox 413 985 455 1051; x_wconf 91' lang='lat' dir='ltr'><strong>de</strong></span> <span class='ocrx_word' id='word_1_7' title='bbox 488 985 583 1052; x_wconf 88' lang='lat' dir='ltr'><strong>bonis</strong></span> <span class='ocrx_word' id='word_1_8' title='bbox 612 993 647 1053; x_wconf 90' lang='lat' dir='ltr'><strong>et</strong></span> <span class='ocrx_word' id='word_1_9' title='bbox 676 987 842 1054; x_wconf 86' lang='lat' dir='ltr'><strong>beneficiis</strong></span> <span class='ocrx_word' id='word_1_10' title='bbox 871 988 1097 1054; x_wconf 84' lang='lat' dir='ltr'><strong>eeclesiastieis</strong></span> <span class='ocrx_word' id='word_1_11' title='bbox 1130 987 1278 1054; x_wconf 89' lang='lat' dir='ltr'><strong>omnium</strong></span> <span class='ocrx_word' id='word_1_12' title='bbox 1309 985 1386 1052; x_wconf 90' lang='lat' dir='ltr'><strong>sub·</strong></span> <span class='ocrx_word' id='word_1_13' title='bbox 1414 994 1539 1040; x_wconf 66' lang='lat' dir='ltr'><strong>mm</strong></span> 
     </span>
     <span class='ocr_line' id='line_1_3' title="bbox 337 1086 1387 1177; baseline 0 -26"><span class='ocrx_word' id='word_1_14' title='bbox 337 1086 543 1173; x_wconf 84' lang='lat' dir='ltr'><strong>scriptorum,</strong></span> <span class='ocrx_word' id='word_1_15' title='bbox 566 1088 603 1152; x_wconf 90' lang='lat' dir='ltr'><strong>in</strong></span> <span class='ocrx_word' id='word_1_16' title='bbox 624 1089 813 1177; x_wconf 87' lang='lat' dir='ltr'><strong>episoopetu</strong></span> <span class='ocrx_word' id='word_1_17' title='bbox 835 1095 946 1156; x_wconf 88' lang='lat' dir='ltr'><strong>vestro</strong></span> <span class='ocrx_word' id='word_1_18' title='bbox 973 1091 1141 1176; x_wconf 78' lang='lat' dir='ltr'><strong>praedioto‚</strong></span> <span class='ocrx_word' id='word_1_19' title='bbox 1164 1089 1237 1154; x_wconf 85' lang='lat' dir='ltr'><strong>fleri</strong></span> <span class='ocrx_word' id='word_1_20' title='bbox 1259 1087 1387 1153; x_wconf 80' lang='lat' dir='ltr'><strong>faciatis</strong></span> 
     </span>
     <span class='ocr_line' id='line_1_4' title="bbox 338 1188 1388 1284; baseline 0.002 -32"><span class='ocrx_word' id='word_1_21' title='bbox 338 1189 448 1254; x_wconf 87' lang='lat' dir='ltr'><strong>omnia</strong></span> <span class='ocrx_word' id='word_1_22' title='bbox 471 1189 587 1255; x_wconf 86' lang='lat' dir='ltr'><strong>debita</strong></span> <span class='ocrx_word' id='word_1_23' title='bbox 609 1191 799 1284; x_wconf 69' lang='lat' dir='ltr'><strong>subscripta</strong></span> <span class='ocrx_word' id='word_1_24' title='bbox 822 1190 987 1272; x_wconf 85' lang='lat' dir='ltr'><strong>videlieet,</strong></span> <span class='ocrx_word' id='word_1_25' title='bbox 1012 1191 1053 1258; x_wconf 86' lang='lat' dir='ltr'><strong>da</strong></span> <span class='ocrx_word' id='word_1_26' title='bbox 1076 1212 1216 1277; x_wconf 86' lang='lat' dir='ltr'><strong>persona</strong></span> <span class='ocrx_word' id='word_1_27' title='bbox 1246 1188 1388 1256; x_wconf 84' lang='lat' dir='ltr'><strong>eoelesiae</strong></span> 
     </span>
     <span class='ocr_line' id='line_1_5' title="bbox 338 1288 1388 1379; baseline 0.003 -27"><span class='ocrx_word' id='word_1_28' title='bbox 338 1288 379 1354; x_wconf 92' lang='lat' dir='ltr'><strong>do</strong></span> <span class='ocrx_word' id='word_1_29' title='bbox 411 1290 601 1378; x_wconf 85' lang='lat' dir='ltr'><strong>Seggefeld’,</strong></span> <span class='ocrx_word' id='word_1_30' title='bbox 625 1291 682 1376; x_wconf 88' lang='lat' dir='ltr'><strong>lvj.</strong></span> <span class='ocrx_word' id='word_1_31' title='bbox 695 1291 729 1358; x_wconf 72' lang='lat' dir='ltr'><strong>it.</strong></span> <span class='ocrx_word' id='word_1_32' title='bbox 761 1293 864 1378; x_wconf 61' lang='lat' dir='ltr'><strong>xiijo.</strong></span> <span class='ocrx_word' id='word_1_33' title='bbox 893 1293 954 1377; x_wconf 92' lang='lat' dir='ltr'><strong>iiij.</strong></span> <span class='ocrx_word' id='word_1_34' title='bbox 970 1291 1005 1359; x_wconf 89' lang='lat' dir='ltr'><strong>d.</strong></span> <span class='ocrx_word' id='word_1_35' title='bbox 1058 1293 1110 1358; x_wconf 89' lang='grc' dir='ltr'>ΒΘ</span> <span class='ocrx_word' id='word_1_36' title='bbox 1133 1291 1283 1379; x_wconf 78' lang='lat' dir='ltr'><strong>portione</strong></span> <span class='ocrx_word' id='word_1_37' title='bbox 1313 1311 1388 1377; x_wconf 82' lang='lat' dir='ltr'><strong>quae</strong></span> 
     </span>
     <span class='ocr_line' id='line_1_6' title="bbox 338 1390 1390 1479; baseline 0.002 -25"><span class='ocrx_word' id='word_1_38' title='bbox 338 1390 404 1456; x_wconf 85' lang='lat' dir='ltr'><strong>fuit</strong></span> <span class='ocrx_word' id='word_1_39' title='bbox 425 1391 546 1478; x_wconf 82' lang='lat' dir='ltr'><strong>Rogeri</strong></span> <span class='ocrx_word' id='word_1_40' title='bbox 569 1392 610 1458; x_wconf 89' lang='lat' dir='ltr'><strong>de</strong></span> <span class='ocrx_word' id='word_1_41' title='bbox 632 1391 699 1479; x_wconf 88' lang='lat' dir='ltr'><strong>Ely</strong></span> <span class='ocrx_word' id='word_1_42' title='bbox 714 1393 750 1457; x_wconf 92' lang='lat' dir='ltr'><strong>in</strong></span> <span class='ocrx_word' id='word_1_43' title='bbox 772 1393 907 1459; x_wconf 82' lang='lat' dir='ltr'><strong>eeclesia</strong></span> <span class='ocrx_word' id='word_1_44' title='bbox 929 1394 970 1460; x_wconf 87' lang='lat' dir='ltr'><strong>de</strong></span> <span class='ocrx_word' id='word_1_45' title='bbox 992 1393 1190 1475; x_wconf 83' lang='lat' dir='ltr'><strong>Aukelnnd&#39;‚</strong></span> <span class='ocrx_word' id='word_1_46' title='bbox 1214 1392 1292 1459; x_wconf 66' lang='lat' dir='ltr'><strong>xit.</strong></span> <span class='ocrx_word' id='word_1_47' title='bbox 1338 1391 1390 1456; x_wconf 89' lang='lat' dir='ltr'><strong>De</strong></span> 
     </span>
     <span class='ocr_line' id='line_1_7' title="bbox 338 1492 1389 1581; baseline 0.001 -25"><span class='ocrx_word' id='word_1_48' title='bbox 338 1492 490 1579; x_wconf 76' lang='lat' dir='ltr'>portione</span> <span class='ocrx_word' id='word_1_49' title='bbox 515 1494 652 1559; x_wconf 91' lang='lat' dir='ltr'><strong>Roberti</strong></span> <span class='ocrx_word' id='word_1_50' title='bbox 675 1495 716 1560; x_wconf 88' lang='lat' dir='ltr'><strong>de</strong></span> <span class='ocrx_word' id='word_1_51' title='bbox 740 1494 931 1581; x_wconf 85' lang='lat' dir='ltr'><strong>Wyeumba‚</strong></span> <span class='ocrx_word' id='word_1_52' title='bbox 955 1495 992 1560; x_wconf 92' lang='lat' dir='ltr'><strong>in</strong></span> <span class='ocrx_word' id='word_1_53' title='bbox 1022 1495 1146 1576; x_wconf 88' lang='lat' dir='ltr'><strong>eadem,</strong></span> <span class='ocrx_word' id='word_1_54' title='bbox 1169 1495 1239 1581; x_wconf 86' lang='lat' dir='ltr'><strong>viij.</strong></span> <span class='ocrx_word' id='word_1_55' title='bbox 1253 1493 1290 1560; x_wconf 74' lang='lat' dir='ltr'><strong>lt</strong></span> <span class='ocrx_word' id='word_1_56' title='bbox 1338 1493 1389 1558; x_wconf 98' lang='grc' dir='ltr'>ΒΘ</span> 
     </span>
     <span class='ocr_line' id='line_1_8' title="bbox 338 1593 1390 1684; baseline 0.002 -27"><span class='ocrx_word' id='word_1_57' title='bbox 338 1593 489 1679; x_wconf 88' lang='lat' dir='ltr'><strong>portione</strong></span> <span class='ocrx_word' id='word_1_58' title='bbox 519 1595 654 1662; x_wconf 79' lang='lat' dir='ltr'><strong>Thomas</strong></span> <span class='ocrx_word' id='word_1_59' title='bbox 687 1597 728 1662; x_wconf 88' lang='lat' dir='ltr'><strong>de</strong></span> <span class='ocrx_word' id='word_1_60' title='bbox 751 1595 958 1684; x_wconf 84' lang='lat' dir='ltr'><strong>Sudington&#39;‚</strong></span> <span class='ocrx_word' id='word_1_61' title='bbox 986 1596 1022 1662; x_wconf 90' lang='lat' dir='ltr'><strong>iu</strong></span> <span class='ocrx_word' id='word_1_62' title='bbox 1044 1597 1177 1663; x_wconf 84' lang='lat' dir='ltr'><strong>ecelesia</strong></span> <span class='ocrx_word' id='word_1_63' title='bbox 1200 1597 1241 1662; x_wconf 91' lang='lat' dir='ltr'><strong>de</strong></span> <span class='ocrx_word' id='word_1_64' title='bbox 1265 1595 1390 1681; x_wconf 77' lang='lat' dir='ltr'><strong>lange-</strong></span> 
     </span>
     <span class='ocr_line' id='line_1_9' title="bbox 338 1694 1392 1784; baseline 0 -24"><span class='ocrx_word' id='word_1_65' title='bbox 338 1694 442 1774; x_wconf 87' lang='lat' dir='ltr'><strong>eestr&#39;,</strong></span> <span class='ocrx_word' id='word_1_66' title='bbox 464 1695 586 1780; x_wconf 82' lang='lat' dir='ltr'><strong>viij.li.</strong></span> <span class='ocrx_word' id='word_1_67' title='bbox 618 1697 664 1782; x_wconf 89' lang='lat' dir='ltr'><strong>vj.</strong></span> <span class='ocrx_word' id='word_1_68' title='bbox 677 1720 701 1762; x_wconf 89' lang='grc' dir='ltr'>Θ.</span> <span class='ocrx_word' id='word_1_69' title='bbox 725 1697 795 1783; x_wconf 88' lang='lat' dir='ltr'><strong>viij.</strong></span> <span class='ocrx_word' id='word_1_70' title='bbox 807 1696 839 1763; x_wconf 85' lang='lat' dir='ltr'><strong>d.</strong></span> <span class='ocrx_word' id='word_1_71' title='bbox 887 1697 937 1763; x_wconf 88' lang='grc' dir='ltr'>ΒΘ</span> <span class='ocrx_word' id='word_1_72' title='bbox 968 1697 1118 1784; x_wconf 88' lang='lat' dir='ltr'><strong>portione</strong></span> <span class='ocrx_word' id='word_1_73' title='bbox 1153 1697 1321 1783; x_wconf 86' lang='lat' dir='ltr'><strong>Radulphi</strong></span> <span class='ocrx_word' id='word_1_74' title='bbox 1350 1697 1392 1761; x_wconf 89' lang='lat' dir='ltr'><strong>de</strong></span> 
     </span>
     <span class='ocr_line' id='line_1_10' title="bbox 339 1795 1391 1885; baseline 0.002 -27"><span class='ocrx_word' id='word_1_75' title='bbox 339 1795 463 1882; x_wconf 83' lang='lat' dir='ltr'><strong>Besage</strong></span> <span class='ocrx_word' id='word_1_76' title='bbox 476 1797 513 1860; x_wconf 90' lang='lat' dir='ltr'><strong>in</strong></span> <span class='ocrx_word' id='word_1_77' title='bbox 528 1797 651 1879; x_wconf 86' lang='lat' dir='ltr'><strong>eadem,</strong></span> <span class='ocrx_word' id='word_1_78' title='bbox 667 1797 748 1883; x_wconf 83' lang='lat' dir='ltr'>lxvj.</span> <span class='ocrx_word' id='word_1_79' title='bbox 760 1820 784 1864; x_wconf 86' lang='lat' dir='ltr'><strong>a.</strong></span> <span class='ocrx_word' id='word_1_80' title='bbox 807 1798 878 1884; x_wconf 90' lang='lat' dir='ltr'><strong>viij.</strong></span> <span class='ocrx_word' id='word_1_81' title='bbox 890 1796 924 1866; x_wconf 89' lang='lat' dir='ltr'><strong>d.</strong></span> <span class='ocrx_word' id='word_1_82' title='bbox 972 1798 1023 1864; x_wconf 93' lang='grc' dir='ltr'>ΒΘ</span> <span class='ocrx_word' id='word_1_83' title='bbox 1044 1799 1197 1885; x_wconf 86' lang='lat' dir='ltr'><strong>portione</strong></span> <span class='ocrx_word' id='word_1_84' title='bbox 1214 1796 1391 1884; x_wconf 83' lang='lat' dir='ltr'><strong>Reginaldi</strong></span> 
     </span>
     <span class='ocr_line' id='line_1_11' title="bbox 338 1897 1391 1985; baseline 0.001 -24"><span class='ocrx_word' id='word_1_85' title='bbox 338 1897 380 1962; x_wconf 91' lang='lat' dir='ltr'><strong>de</strong></span> <span class='ocrx_word' id='word_1_86' title='bbox 416 1897 581 1964; x_wconf 88' lang='lat' dir='ltr'><strong>Brsndon’</strong></span> <span class='ocrx_word' id='word_1_87' title='bbox 619 1898 654 1962; x_wconf 92' lang='lat' dir='ltr'><strong>in</strong></span> <span class='ocrx_word' id='word_1_88' title='bbox 693 1899 815 1977; x_wconf 89' lang='lat' dir='ltr'><strong>eadem,</strong></span> <span class='ocrx_word' id='word_1_89' title='bbox 852 1900 949 1984; x_wconf 85' lang='lat' dir='ltr'><strong>evj.a.</strong></span> <span class='ocrx_word' id='word_1_90' title='bbox 988 1899 1057 1985; x_wconf 85' lang='lat' dir='ltr'><strong>viij.</strong></span> <span class='ocrx_word' id='word_1_91' title='bbox 1070 1898 1100 1966; x_wconf 84' lang='lat' dir='ltr'><strong>d.</strong></span> <span class='ocrx_word' id='word_1_92' title='bbox 1150 1899 1203 1965; x_wconf 89' lang='grc' dir='ltr'>ΒΘ</span> <span class='ocrx_word' id='word_1_93' title='bbox 1239 1898 1391 1985; x_wconf 90' lang='lat' dir='ltr'><strong>portione</strong></span> 
     </span>
     <span class='ocr_line' id='line_1_12' title="bbox 339 1997 1391 2088; baseline 0 -24"><span class='ocrx_word' id='word_1_94' title='bbox 339 1997 496 2064; x_wconf 90' lang='lat' dir='ltr'><strong>Willelmi</strong></span> <span class='ocrx_word' id='word_1_95' title='bbox 529 2001 571 2066; x_wconf 91' lang='lat' dir='ltr'><strong>de</strong></span> <span class='ocrx_word' id='word_1_96' title='bbox 605 1999 801 2088; x_wconf 88' lang='lat' dir='ltr'><strong>Brompton&#39;</strong></span> <span class='ocrx_word' id='word_1_97' title='bbox 834 2002 869 2066; x_wconf 91' lang='lat' dir='ltr'><strong>in</strong></span> <span class='ocrx_word' id='word_1_98' title='bbox 901 2001 1037 2066; x_wconf 81' lang='lat' dir='ltr'><strong>ecelesia</strong></span> <span class='ocrx_word' id='word_1_99' title='bbox 1066 2001 1108 2066; x_wconf 90' lang='lat' dir='ltr'><strong>de</strong></span> <span class='ocrx_word' id='word_1_100' title='bbox 1131 2000 1244 2078; x_wconf 68' lang='lat' dir='ltr'><strong>Oestr,</strong></span> <span class='ocrx_word' id='word_1_101' title='bbox 1271 1999 1391 2084; x_wconf 63' lang='lat' dir='ltr'><strong>exvja.</strong></span> 
     </span>
     <span class='ocr_line' id='line_1_13' title="bbox 339 2098 1390 2188; baseline 0 -24"><span class='ocrx_word' id='word_1_102' title='bbox 339 2098 389 2164; x_wconf 93' lang='lat' dir='ltr'><strong>De</strong></span> <span class='ocrx_word' id='word_1_103' title='bbox 420 2100 571 2188; x_wconf 78' lang='lat' dir='ltr'><strong>portione</strong></span> <span class='ocrx_word' id='word_1_104' title='bbox 605 2101 741 2168; x_wconf 83' lang='lat' dir='ltr'><strong>Thomas</strong></span> <span class='ocrx_word' id='word_1_105' title='bbox 773 2102 815 2167; x_wconf 90' lang='lat' dir='ltr'><strong>de</strong></span> <span class='ocrx_word' id='word_1_106' title='bbox 844 2102 1029 2168; x_wconf 87' lang='lat' dir='ltr'><strong>Leuesham</strong></span> <span class='ocrx_word' id='word_1_107' title='bbox 1058 2101 1096 2166; x_wconf 91' lang='lat' dir='ltr'><strong>in</strong></span> <span class='ocrx_word' id='word_1_108' title='bbox 1125 2101 1248 2177; x_wconf 85' lang='lat' dir='ltr'><strong>eadem,</strong></span> <span class='ocrx_word' id='word_1_109' title='bbox 1279 2100 1338 2185; x_wconf 90' lang='lat' dir='ltr'><strong>iiij.</strong></span> <span class='ocrx_word' id='word_1_110' title='bbox 1354 2098 1390 2165; x_wconf 80' lang='lat' dir='ltr'><strong>li.</strong></span> 
     </span>
     <span class='ocr_line' id='line_1_14' title="bbox 338 2201 1393 2292; baseline -0.001 -26"><span class='ocrx_word' id='word_1_111' title='bbox 338 2201 409 2287; x_wconf 87' lang='lat' dir='ltr'><strong>viij.</strong></span> <span class='ocrx_word' id='word_1_112' title='bbox 421 2224 446 2270; x_wconf 88' lang='lat' dir='ltr'><strong>s.</strong></span> <span class='ocrx_word' id='word_1_113' title='bbox 477 2203 552 2270; x_wconf 68' lang='lat' dir='ltr'><strong>md.</strong></span> <span class='ocrx_word' id='word_1_114' title='bbox 574 2203 621 2270; x_wconf 90' lang='lat' dir='ltr'><strong>ob.</strong></span> <span class='ocrx_word' id='word_1_115' title='bbox 666 2203 718 2269; x_wconf 91' lang='lat' dir='ltr'><strong>De</strong></span> <span class='ocrx_word' id='word_1_116' title='bbox 746 2204 898 2292; x_wconf 89' lang='lat' dir='ltr'><strong>portione</strong></span> <span class='ocrx_word' id='word_1_117' title='bbox 928 2202 1049 2290; x_wconf 84' lang='lat' dir='ltr'><strong>Rogeri</strong></span> <span class='ocrx_word' id='word_1_118' title='bbox 1072 2202 1114 2268; x_wconf 90' lang='lat' dir='ltr'><strong>de</strong></span> <span class='ocrx_word' id='word_1_119' title='bbox 1143 2201 1259 2268; x_wconf 87' lang='lat' dir='ltr'><strong>Insula</strong></span> <span class='ocrx_word' id='word_1_120' title='bbox 1284 2201 1320 2266; x_wconf 91' lang='lat' dir='ltr'><strong>in</strong></span> <span class='ocrx_word' id='word_1_121' title='bbox 1343 2221 1393 2266; x_wconf 86' lang='lat' dir='ltr'><strong>ee-</strong></span> 
     </span>
     <span class='ocr_line' id='line_1_15' title="bbox 339 2303 1393 2391; baseline -0.001 -23"><span class='ocrx_word' id='word_1_122' title='bbox 339 2304 437 2370; x_wconf 75' lang='lat' dir='ltr'><strong>alesia</strong></span> <span class='ocrx_word' id='word_1_123' title='bbox 473 2305 514 2371; x_wconf 87' lang='lat' dir='ltr'><strong>da</strong></span> <span class='ocrx_word' id='word_1_124' title='bbox 551 2305 702 2386; x_wconf 89' lang='lat' dir='ltr'><strong>Norton&#39;,</strong></span> <span class='ocrx_word' id='word_1_125' title='bbox 739 2305 783 2371; x_wconf 68' lang='lat' dir='ltr'><strong>lm</strong></span> <span class='ocrx_word' id='word_1_126' title='bbox 796 2327 820 2372; x_wconf 81' lang='lat' dir='ltr'><strong>a.</strong></span> <span class='ocrx_word' id='word_1_127' title='bbox 870 2305 922 2370; x_wconf 90' lang='lat' dir='ltr'><strong>De</strong></span> <span class='ocrx_word' id='word_1_128' title='bbox 959 2305 1111 2391; x_wconf 89' lang='lat' dir='ltr'><strong>portione</strong></span> <span class='ocrx_word' id='word_1_129' title='bbox 1148 2303 1315 2370; x_wconf 83' lang='lat' dir='ltr'><strong>Johannis</strong></span> <span class='ocrx_word' id='word_1_130' title='bbox 1352 2303 1393 2368; x_wconf 91' lang='lat' dir='ltr'><strong>de</strong></span> 
     </span>
     <span class='ocr_line' id='line_1_16' title="bbox 339 2404 1392 2493; baseline -0.002 -22"><span class='ocrx_word' id='word_1_131' title='bbox 339 2405 523 2472; x_wconf 83' lang='lat' dir='ltr'><strong>Brabaneia</strong></span> <span class='ocrx_word' id='word_1_132' title='bbox 553 2407 590 2472; x_wconf 91' lang='lat' dir='ltr'><strong>in</strong></span> <span class='ocrx_word' id='word_1_133' title='bbox 623 2405 745 2485; x_wconf 87' lang='lat' dir='ltr'><strong>eedem,</strong></span> <span class='ocrx_word' id='word_1_134' title='bbox 778 2406 858 2474; x_wconf 70' lang='lat' dir='ltr'><strong>lma.</strong></span> <span class='ocrx_word' id='word_1_135' title='bbox 911 2406 962 2472; x_wconf 89' lang='lat' dir='ltr'><strong>De</strong></span> <span class='ocrx_word' id='word_1_136' title='bbox 993 2405 1146 2493; x_wconf 75' lang='lat' dir='ltr'><strong>portione</strong></span> <span class='ocrx_word' id='word_1_137' title='bbox 1176 2405 1319 2472; x_wconf 83' lang='lat' dir='ltr'><strong>Andreae</strong></span> <span class='ocrx_word' id='word_1_138' title='bbox 1350 2404 1392 2470; x_wconf 90' lang='lat' dir='ltr'><strong>de</strong></span> 
     </span>
     <span class='ocr_line' id='line_1_17' title="bbox 340 2505 1391 2595; baseline 0.001 -23"><span class='ocrx_word' id='word_1_139' title='bbox 340 2508 534 2595; x_wconf 83' lang='lat' dir='ltr'><strong>Kylkenny,</strong></span> <span class='ocrx_word' id='word_1_140' title='bbox 562 2509 599 2573; x_wconf 93' lang='lat' dir='ltr'><strong>in</strong></span> <span class='ocrx_word' id='word_1_141' title='bbox 633 2508 767 2574; x_wconf 83' lang='lat' dir='ltr'><strong>eeclesia</strong></span> <span class='ocrx_word' id='word_1_142' title='bbox 793 2508 834 2572; x_wconf 89' lang='lat' dir='ltr'><strong>de</strong></span> <span class='ocrx_word' id='word_1_143' title='bbox 867 2505 1086 2594; x_wconf 84' lang='lat' dir='ltr'><strong>Derlington&#39;‚</strong></span> <span class='ocrx_word' id='word_1_144' title='bbox 1108 2505 1206 2592; x_wconf 65' lang='lat' dir='ltr'><strong>exjs.</strong></span> <span class='ocrx_word' id='word_1_145' title='bbox 1234 2506 1260 2591; x_wconf 91' lang='lat' dir='ltr'><strong>j.</strong></span> <span class='ocrx_word' id='word_1_146' title='bbox 1272 2506 1305 2573; x_wconf 86' lang='lat' dir='ltr'><strong>d.</strong></span> <span class='ocrx_word' id='word_1_147' title='bbox 1338 2527 1391 2592; x_wconf 79' lang='lat' dir='ltr'><strong>qu.</strong></span> 
     </span>
     <span class='ocr_line' id='line_1_18' title="bbox 339 2607 1391 2696; baseline -0.001 -21"><span class='ocrx_word' id='word_1_148' title='bbox 339 2611 391 2675; x_wconf 91' lang='grc' dir='ltr'>ΒΘ</span> <span class='ocrx_word' id='word_1_149' title='bbox 427 2611 577 2696; x_wconf 74' lang='lat' dir='ltr'><strong>portione</strong></span> <span class='ocrx_word' id='word_1_150' title='bbox 606 2609 744 2675; x_wconf 86' lang='lat' dir='ltr'><strong>Roberti</strong></span> <span class='ocrx_word' id='word_1_151' title='bbox 774 2609 816 2674; x_wconf 91' lang='lat' dir='ltr'><strong>de</strong></span> <span class='ocrx_word' id='word_1_152' title='bbox 850 2608 959 2695; x_wconf 88' lang='lat' dir='ltr'><strong>Byles,</strong></span> <span class='ocrx_word' id='word_1_153' title='bbox 992 2609 1030 2673; x_wconf 91' lang='lat' dir='ltr'><strong>in</strong></span> <span class='ocrx_word' id='word_1_154' title='bbox 1060 2609 1182 2690; x_wconf 86' lang='lat' dir='ltr'><strong>eadem,</strong></span> <span class='ocrx_word' id='word_1_155' title='bbox 1205 2607 1268 2693; x_wconf 85' lang='lat' dir='ltr'><strong>exj.</strong></span> <span class='ocrx_word' id='word_1_156' title='bbox 1279 2630 1302 2674; x_wconf 88' lang='lat' dir='ltr'><strong>s.</strong></span> <span class='ocrx_word' id='word_1_157' title='bbox 1322 2608 1348 2693; x_wconf 89' lang='lat' dir='ltr'><strong>j.</strong></span> <span class='ocrx_word' id='word_1_158' title='bbox 1359 2607 1391 2674; x_wconf 83' lang='lat' dir='ltr'><strong>d.</strong></span> 
     </span>
     <span class='ocr_line' id='line_1_19' title="bbox 339 2708 1390 2798; baseline -0.003 -21"><span class='ocrx_word' id='word_1_159' title='bbox 339 2733 394 2798; x_wconf 81' lang='lat' dir='ltr'><strong>pu.</strong></span> <span class='ocrx_word' id='word_1_160' title='bbox 439 2711 490 2776; x_wconf 89' lang='grc' dir='ltr'>ΒΘ</span> <span class='ocrx_word' id='word_1_161' title='bbox 520 2712 669 2798; x_wconf 89' lang='lat' dir='ltr'><strong>portione</strong></span> <span class='ocrx_word' id='word_1_162' title='bbox 698 2710 863 2777; x_wconf 85' lang='lat' dir='ltr'><strong>Johannis</strong></span> <span class='ocrx_word' id='word_1_163' title='bbox 893 2710 934 2775; x_wconf 92' lang='lat' dir='ltr'><strong>do</strong></span> <span class='ocrx_word' id='word_1_164' title='bbox 966 2708 1172 2796; x_wconf 86' lang='lat' dir='ltr'><strong>Metingham</strong></span> <span class='ocrx_word' id='word_1_165' title='bbox 1202 2709 1239 2774; x_wconf 91' lang='lat' dir='ltr'><strong>in</strong></span> <span class='ocrx_word' id='word_1_166' title='bbox 1268 2711 1390 2790; x_wconf 87' lang='lat' dir='ltr'><strong>eadem,</strong></span> 
     </span>
     <span class='ocr_line' id='line_1_20' title="bbox 339 2811 1392 2898; baseline 0 -20"><span class='ocrx_word' id='word_1_167' title='bbox 339 2814 383 2881; x_wconf 91' lang='lat' dir='ltr'><strong>lv.</strong></span> <span class='ocrx_word' id='word_1_168' title='bbox 394 2836 419 2880; x_wconf 85' lang='lat' dir='ltr'><strong>a.</strong></span> <span class='ocrx_word' id='word_1_169' title='bbox 441 2813 486 2898; x_wconf 90' lang='lat' dir='ltr'><strong>vj.</strong></span> <span class='ocrx_word' id='word_1_170' title='bbox 497 2811 529 2879; x_wconf 89' lang='lat' dir='ltr'><strong>d.</strong></span> <span class='ocrx_word' id='word_1_171' title='bbox 575 2812 626 2877; x_wconf 89' lang='grc' dir='ltr'>ΒΘ</span> <span class='ocrx_word' id='word_1_172' title='bbox 647 2812 797 2898; x_wconf 89' lang='lat' dir='ltr'><strong>portione</strong></span> <span class='ocrx_word' id='word_1_173' title='bbox 819 2811 936 2877; x_wconf 88' lang='lat' dir='ltr'><strong>Karoli</strong></span> <span class='ocrx_word' id='word_1_174' title='bbox 958 2811 1000 2877; x_wconf 89' lang='lat' dir='ltr'><strong>de</strong></span> <span class='ocrx_word' id='word_1_175' title='bbox 1030 2811 1123 2878; x_wconf 79' lang='lat' dir='ltr'><strong>Bello</strong></span> <span class='ocrx_word' id='word_1_176' title='bbox 1146 2811 1261 2878; x_wconf 84' lang='lat' dir='ltr'><strong>Monte</strong></span> <span class='ocrx_word' id='word_1_177' title='bbox 1283 2812 1321 2876; x_wconf 90' lang='lat' dir='ltr'><strong>in</strong></span> <span class='ocrx_word' id='word_1_178' title='bbox 1342 2833 1392 2878; x_wconf 86' lang='lat' dir='ltr'><strong>ee·</strong></span> 
     </span>
     <span class='ocr_line' id='line_1_21' title="bbox 339 2910 1392 2998; baseline -0.001 -18"><span class='ocrx_word' id='word_1_179' title='bbox 339 2915 439 2980; x_wconf 83' lang='lat' dir='ltr'><strong>olesie</strong></span> <span class='ocrx_word' id='word_1_180' title='bbox 467 2915 509 2980; x_wconf 86' lang='lat' dir='ltr'><strong>de</strong></span> <span class='ocrx_word' id='word_1_181' title='bbox 539 2912 741 2995; x_wconf 86' lang='lat' dir='ltr'><strong>Ponteland’‚</strong></span> <span class='ocrx_word' id='word_1_182' title='bbox 771 2912 878 2998; x_wconf 84' lang='lat' dir='ltr'><strong>lxxiij.</strong></span> <span class='ocrx_word' id='word_1_183' title='bbox 894 2933 917 2985; x_wconf 79' lang='lat' dir='ltr'><strong>a.</strong></span> <span class='ocrx_word' id='word_1_184' title='bbox 947 2912 1010 2998; x_wconf 92' lang='lat' dir='ltr'><strong>iiij.</strong></span> <span class='ocrx_word' id='word_1_185' title='bbox 1027 2910 1058 2981; x_wconf 85' lang='lat' dir='ltr'><strong>d.</strong></span> <span class='ocrx_word' id='word_1_186' title='bbox 1117 2913 1168 2978; x_wconf 91' lang='lat' dir='ltr'><strong>De</strong></span> <span class='ocrx_word' id='word_1_187' title='bbox 1197 2913 1321 2978; x_wconf 79' lang='lat' dir='ltr'><strong>vinario</strong></span> <span class='ocrx_word' id='word_1_188' title='bbox 1351 2913 1392 2979; x_wconf 90' lang='lat' dir='ltr'><strong>de</strong></span> 
     </span>
     <span class='ocr_line' id='line_1_22' title="bbox 340 3013 1392 3104; baseline -0.002 -22"><span class='ocrx_word' id='word_1_189' title='bbox 340 3016 579 3104; x_wconf 82' lang='lat' dir='ltr'><strong>Houtewysell’</strong></span> <span class='ocrx_word' id='word_1_190' title='bbox 609 3038 641 3081; x_wconf 90' lang='lat' dir='ltr'><strong>x.</strong></span> <span class='ocrx_word' id='word_1_191' title='bbox 654 3013 691 3080; x_wconf 78' lang='lat' dir='ltr'><strong>li.</strong></span> <span class='ocrx_word' id='word_1_192' title='bbox 714 3037 782 3082; x_wconf 72' lang='lat' dir='ltr'><strong>ma.</strong></span> <span class='ocrx_word' id='word_1_193' title='bbox 806 3014 890 3101; x_wconf 62' lang='lat' dir='ltr'><strong>vid</strong></span> <span class='ocrx_word' id='word_1_194' title='bbox 937 3015 989 3081; x_wconf 86' lang='lat' dir='ltr'><strong>De</strong></span> <span class='ocrx_word' id='word_1_195' title='bbox 1018 3035 1157 3101; x_wconf 87' lang='lat' dir='ltr'><strong>persona</strong></span> <span class='ocrx_word' id='word_1_196' title='bbox 1186 3015 1328 3082; x_wconf 82' lang='lat' dir='ltr'><strong>eeclesiae</strong></span> <span class='ocrx_word' id='word_1_197' title='bbox 1351 3015 1392 3080; x_wconf 88' lang='lat' dir='ltr'><strong>de</strong></span> 
     </span>
     <span class='ocr_line' id='line_1_23' title="bbox 341 3115 1392 3206; baseline -0.004 -21"><span class='ocrx_word' id='word_1_198' title='bbox 341 3116 596 3206; x_wconf 85' lang='lat' dir='ltr'><strong>Symundburn’‚</strong></span> <span class='ocrx_word' id='word_1_199' title='bbox 618 3117 724 3203; x_wconf 85' lang='lat' dir='ltr'><strong>lxviij.</strong></span> <span class='ocrx_word' id='word_1_200' title='bbox 735 3116 771 3184; x_wconf 74' lang='lat' dir='ltr'><strong>ii.</strong></span> <span class='ocrx_word' id='word_1_201' title='bbox 793 3117 827 3202; x_wconf 87' lang='lat' dir='ltr'><strong>ij.</strong></span> <span class='ocrx_word' id='word_1_202' title='bbox 839 3137 862 3182; x_wconf 87' lang='grc' dir='ltr'>Θ.</span> <span class='ocrx_word' id='word_1_203' title='bbox 887 3115 930 3202; x_wconf 82' lang='lat' dir='ltr'><strong>vj.</strong></span> <span class='ocrx_word' id='word_1_204' title='bbox 940 3115 972 3182; x_wconf 85' lang='lat' dir='ltr'><strong>d.</strong></span> <span class='ocrx_word' id='word_1_205' title='bbox 1018 3117 1070 3183; x_wconf 88' lang='lat' dir='ltr'><strong>De</strong></span> <span class='ocrx_word' id='word_1_206' title='bbox 1091 3117 1214 3182; x_wconf 88' lang='lat' dir='ltr'><strong>vioario</strong></span> <span class='ocrx_word' id='word_1_207' title='bbox 1243 3117 1284 3182; x_wconf 92' lang='lat' dir='ltr'><strong>de</strong></span> <span class='ocrx_word' id='word_1_208' title='bbox 1315 3116 1392 3181; x_wconf 91' lang='lat' dir='ltr'><strong>Hil-</strong></span> 
     </span>
     <span class='ocr_line' id='line_1_24' title="bbox 340 3217 1392 3306; baseline -0.003 -19"><span class='ocrx_word' id='word_1_209' title='bbox 340 3221 475 3299; x_wconf 89' lang='lat' dir='ltr'><strong>dreton’,</strong></span> <span class='ocrx_word' id='word_1_210' title='bbox 497 3219 647 3306; x_wconf 60' lang='lat' dir='ltr'><strong>xxxiiia.</strong></span> <span class='ocrx_word' id='word_1_211' title='bbox 672 3217 774 3304; x_wconf 86' lang='lat' dir='ltr'><strong>iiij.d.</strong></span> <span class='ocrx_word' id='word_1_212' title='bbox 820 3219 872 3283; x_wconf 92' lang='lat' dir='ltr'><strong>De</strong></span> <span class='ocrx_word' id='word_1_213' title='bbox 901 3239 1041 3306; x_wconf 86' lang='lat' dir='ltr'><strong>persona</strong></span> <span class='ocrx_word' id='word_1_214' title='bbox 1062 3219 1205 3286; x_wconf 77' lang='lat' dir='ltr'><strong>ecelesiae</strong></span> <span class='ocrx_word' id='word_1_215' title='bbox 1228 3219 1269 3284; x_wconf 83' lang='lat' dir='ltr'><strong>de</strong></span> <span class='ocrx_word' id='word_1_216' title='bbox 1290 3219 1392 3284; x_wconf 82' lang='lat' dir='ltr'><strong>Aine·</strong></span> 
     </span>
     <span class='ocr_line' id='line_1_25' title="bbox 340 3319 1392 3407; baseline -0.003 -19"><span class='ocrx_word' id='word_1_217' title='bbox 340 3324 435 3402; x_wconf 89' lang='lat' dir='ltr'><strong>ham’,</strong></span> <span class='ocrx_word' id='word_1_218' title='bbox 458 3344 513 3390; x_wconf 86' lang='lat' dir='ltr'><strong>xv.</strong></span> <span class='ocrx_word' id='word_1_219' title='bbox 523 3321 561 3388; x_wconf 73' lang='lat' dir='ltr'><strong>tt.</strong></span> <span class='ocrx_word' id='word_1_220' title='bbox 576 3343 643 3389; x_wconf 67' lang='lat' dir='ltr'><strong>ms.</strong></span> <span class='ocrx_word' id='word_1_221' title='bbox 699 3319 782 3401; x_wconf 80' lang='lat' dir='ltr'><strong>Quae</strong></span> <span class='ocrx_word' id='word_1_222' title='bbox 805 3319 917 3386; x_wconf 90' lang='lat' dir='ltr'><strong>debite</strong></span> <span class='ocrx_word' id='word_1_223' title='bbox 938 3320 1130 3407; x_wconf 80' lang='lat' dir='ltr'><strong>praesoripta</strong></span> <span class='ocrx_word' id='word_1_224' title='bbox 1150 3320 1247 3386; x_wconf 86' lang='lat' dir='ltr'><strong>nobis</strong></span> <span class='ocrx_word' id='word_1_225' title='bbox 1269 3321 1392 3386; x_wconf 86' lang='lat' dir='ltr'><strong>debent</strong></span> 
     </span>
    </p>

    <p class='ocr_par' dir='ltr' id='par_1_3' title="bbox 340 3420 1516 4726">
     <span class='ocr_line' id='line_1_26' title="bbox 638 3420 1392 3488; baseline -0.003 0"><span class='ocrx_word' id='word_1_226' title='bbox 638 3423 680 3488; x_wconf 92' lang='lat' dir='ltr'><strong>de</strong></span> <span class='ocrx_word' id='word_1_227' title='bbox 722 3420 870 3487; x_wconf 90' lang='lat' dir='ltr'><strong>subsidio</strong></span> <span class='ocrx_word' id='word_1_228' title='bbox 915 3421 1104 3487; x_wconf 73' lang='lat' dir='ltr'><strong>medietatis</strong></span> <span class='ocrx_word' id='word_1_229' title='bbox 1151 3421 1286 3487; x_wconf 89' lang='lat' dir='ltr'><strong>oelebris</strong></span> <span class='ocrx_word' id='word_1_230' title='bbox 1323 3443 1392 3486; x_wconf 92' lang='lat' dir='ltr'><strong>me·</strong></span> 
     </span>
     <span class='ocr_line' id='line_1_27' title="bbox 340 3487 1392 3609; baseline -0.002 -20"><span class='ocrx_word' id='word_1_231' title='bbox 340 3487 607 3604; x_wconf 50' lang='grc' dir='ltr'><strong>ἓὲἴζῖηγῗζᾞ</strong></span> <span class='ocrx_word' id='word_1_232' title='bbox 639 3524 753 3591; x_wconf 83' lang='lat' dir='ltr'><strong>moriae</strong></span> <span class='ocrx_word' id='word_1_233' title='bbox 775 3522 909 3588; x_wconf 90' lang='lat' dir='ltr'><strong>domino</strong></span> <span class='ocrx_word' id='word_1_234' title='bbox 932 3522 1108 3600; x_wconf 78' lang='lat' dir='ltr'><strong>Eduardo,</strong></span> <span class='ocrx_word' id='word_1_235' title='bbox 1131 3522 1298 3609; x_wconf 89' lang='lat' dir='ltr'><strong>quondam</strong></span> <span class='ocrx_word' id='word_1_236' title='bbox 1320 3522 1392 3608; x_wconf 85' lang='lat' dir='ltr'><strong>regi</strong></span> 
     </span>
     <span class='ocr_line' id='line_1_28' title="bbox 342 3619 1391 3713; baseline -0.002 -23"><span class='ocrx_word' id='word_1_237' title='bbox 342 3627 459 3697; x_wconf 47' lang='lat' dir='ltr'><strong>aaron</strong></span> <span class='ocrx_word' id='word_1_238' title='bbox 485 3621 532 3670; x_wconf 80' lang='lat' dir='ltr'><strong>sub</strong></span> <span class='ocrx_word' id='word_1_239' title='bbox 558 3619 608 3670; x_wconf 77' lang='lat'><strong>¹²⁰⁰</strong></span> <span class='ocrx_word' id='word_1_240' title='bbox 641 3625 782 3713; x_wconf 84' lang='lat' dir='ltr'><strong>Angliae,</strong></span> <span class='ocrx_word' id='word_1_241' title='bbox 813 3624 902 3712; x_wconf 87' lang='lat' dir='ltr'><strong>patri</strong></span> <span class='ocrx_word' id='word_1_242' title='bbox 935 3629 1059 3702; x_wconf 88' lang='lat' dir='ltr'><strong>nostro,</strong></span> <span class='ocrx_word' id='word_1_243' title='bbox 1093 3644 1115 3690; x_wconf 97' lang='grc' dir='ltr'>Θ</span> <span class='ocrx_word' id='word_1_244' title='bbox 1147 3623 1233 3689; x_wconf 89' lang='lat' dir='ltr'><strong>elero</strong></span> <span class='ocrx_word' id='word_1_245' title='bbox 1266 3623 1391 3690; x_wconf 89' lang='lat' dir='ltr'><strong>dudum</strong></span> 
     </span>
     <span class='ocr_line' id='line_1_29' title="bbox 341 3686 1390 3814; baseline 0.002 -24"><span class='ocrx_word' id='word_1_246' title='bbox 341 3700 414 3750; x_wconf 67' lang='lat'>⁸¹⁸¹¹⁰</span> <span class='ocrx_word' id='word_1_247' title='bbox 437 3686 476 3790; x_wconf 61' lang='grc' dir='ltr'>Β</span> <span class='ocrx_word' id='word_1_248' title='bbox 641 3748 809 3805; x_wconf 87' lang='lat' dir='ltr'><strong>ooneessae,</strong></span> <span class='ocrx_word' id='word_1_249' title='bbox 836 3729 937 3814; x_wconf 89' lang='lat' dir='ltr'><strong>prout</strong></span> <span class='ocrx_word' id='word_1_250' title='bbox 966 3725 1062 3792; x_wconf 87' lang='lat' dir='ltr'><strong>nobis</strong></span> <span class='ocrx_word' id='word_1_251' title='bbox 1085 3731 1224 3808; x_wconf 82' lang='lat' dir='ltr'><strong>constat,</strong></span> <span class='ocrx_word' id='word_1_252' title='bbox 1247 3749 1306 3814; x_wconf 85' lang='lat' dir='ltr'><strong>per</strong></span> <span class='ocrx_word' id='word_1_253' title='bbox 1338 3727 1390 3792; x_wconf 91' lang='lat' dir='ltr'><strong>in-</strong></span> 
     </span>
     <span class='ocr_line' id='line_1_30' title="bbox 340 3821 1389 3917; baseline 0 -23"><span class='ocrx_word' id='word_1_254' title='bbox 340 3829 539 3916; x_wconf 82' lang='lat' dir='ltr'><strong>spectionem</strong></span> <span class='ocrx_word' id='word_1_255' title='bbox 572 3828 758 3895; x_wconf 88' lang='lat' dir='ltr'><strong>rotulorum</strong></span> <span class='ocrx_word' id='word_1_256' title='bbox 790 3828 831 3894; x_wconf 88' lang='lat' dir='ltr'><strong>de</strong></span> <span class='ocrx_word' id='word_1_257' title='bbox 854 3821 1179 3894; x_wconf 82' lang='lat' dir='ltr'><strong>Soaeeario&#39;nostro:</strong></span> <span class='ocrx_word' id='word_1_258' title='bbox 1214 3829 1265 3894; x_wconf 87' lang='lat' dir='ltr'><strong>its</strong></span> <span class='ocrx_word' id='word_1_259' title='bbox 1297 3830 1389 3917; x_wconf 88' lang='lat' dir='ltr'><strong>quod</strong></span> 
     </span>
     <span class='ocr_line' id='line_1_31' title="bbox 342 3927 1482 4008; baseline -0.002 -12"><span class='ocrx_word' id='word_1_260' title='bbox 342 3931 494 3998; x_wconf 85' lang='lat' dir='ltr'><strong>denarios</strong></span> <span class='ocrx_word' id='word_1_261' title='bbox 525 3931 599 3995; x_wconf 84' lang='lat' dir='ltr'><strong>illos</strong></span> <span class='ocrx_word' id='word_1_262' title='bbox 633 3930 794 4007; x_wconf 89' lang='lat' dir='ltr'><strong>habeatis,</strong></span> <span class='ocrx_word' id='word_1_263' title='bbox 817 3929 861 3994; x_wconf 90' lang='lat' dir='ltr'><strong>ad</strong></span> <span class='ocrx_word' id='word_1_264' title='bbox 892 3929 981 3994; x_wconf 87' lang='lat' dir='ltr'><strong>idem</strong></span> <span class='ocrx_word' id='word_1_265' title='bbox 1005 3927 1210 3996; x_wconf 69' lang='lat' dir='ltr'><strong>Smeoadum</strong></span> <span class='ocrx_word' id='word_1_266' title='bbox 1231 3937 1391 4008; x_wconf 88' lang='lat' dir='ltr'><strong>nostrum,</strong></span> <span class='ocrx_word' id='word_1_267' title='bbox 1479 3933 1482 3938; x_wconf 83' lang='lat'>&#39;</span> 
     </span>
     <span class='ocr_line' id='line_1_32' title="bbox 341 4029 1390 4120; baseline -0.002 -22"><span class='ocrx_word' id='word_1_268' title='bbox 341 4033 430 4120; x_wconf 90' lang='lat' dir='ltr'><strong>apud</strong></span> <span class='ocrx_word' id='word_1_269' title='bbox 462 4031 801 4109; x_wconf 73' lang='lat' dir='ltr'><strong>westmonasterium,</strong></span> <span class='ocrx_word' id='word_1_270' title='bbox 824 4052 846 4095; x_wconf 90' lang='lat' dir='ltr'><strong>a</strong></span> <span class='ocrx_word' id='word_1_271' title='bbox 878 4030 933 4096; x_wconf 87' lang='lat' dir='ltr'><strong>die</strong></span> <span class='ocrx_word' id='word_1_272' title='bbox 966 4029 1083 4096; x_wconf 78' lang='lat' dir='ltr'><strong>Sancti</strong></span> <span class='ocrx_word' id='word_1_273' title='bbox 1116 4030 1281 4096; x_wconf 88' lang='lat' dir='ltr'><strong>Johannis</strong></span> <span class='ocrx_word' id='word_1_274' title='bbox 1304 4030 1390 4118; x_wconf 91' lang='lat' dir='ltr'><strong>Bap-</strong></span> 
     </span>
     <span class='ocr_line' id='line_1_33' title="bbox 341 4131 1389 4218; baseline -0.001 -20"><span class='ocrx_word' id='word_1_275' title='bbox 341 4135 432 4201; x_wconf 86' lang='lat' dir='ltr'><strong>tistae</strong></span> <span class='ocrx_word' id='word_1_276' title='bbox 455 4135 490 4199; x_wconf 93' lang='lat' dir='ltr'><strong>in</strong></span> <span class='ocrx_word' id='word_1_277' title='bbox 520 4156 575 4202; x_wconf 86' lang='lat' dir='ltr'><strong>xv.</strong></span> <span class='ocrx_word' id='word_1_278' title='bbox 598 4133 677 4212; x_wconf 90' lang='lat' dir='ltr'><strong>dies,</strong></span> <span class='ocrx_word' id='word_1_279' title='bbox 699 4132 795 4198; x_wconf 87' lang='lat' dir='ltr'><strong>nobie</strong></span> <span class='ocrx_word' id='word_1_280' title='bbox 810 4153 869 4218; x_wconf 85' lang='lat' dir='ltr'><strong>per</strong></span> <span class='ocrx_word' id='word_1_281' title='bbox 890 4131 1035 4217; x_wconf 81' lang='lat' dir='ltr'><strong>aliquem</strong></span> <span class='ocrx_word' id='word_1_282' title='bbox 1058 4131 1099 4197; x_wconf 90' lang='lat' dir='ltr'><strong>de</strong></span> <span class='ocrx_word' id='word_1_283' title='bbox 1122 4131 1240 4197; x_wconf 88' lang='lat' dir='ltr'><strong>vestris</strong></span> <span class='ocrx_word' id='word_1_284' title='bbox 1265 4131 1389 4197; x_wconf 85' lang='lat' dir='ltr'><strong>ibidem</strong></span> 
     </span>
     <span class='ocr_line' id='line_1_34' title="bbox 341 4230 1389 4320; baseline -0.002 -20"><span class='ocrx_word' id='word_1_285' title='bbox 341 4236 523 4314; x_wconf 88' lang='lat' dir='ltr'><strong>solvendos,</strong></span> <span class='ocrx_word' id='word_1_286' title='bbox 545 4239 580 4301; x_wconf 85' lang='lat' dir='ltr'><strong>et</strong></span> <span class='ocrx_word' id='word_1_287' title='bbox 602 4235 664 4301; x_wconf 85' lang='lat' dir='ltr'><strong>hoo</strong></span> <span class='ocrx_word' id='word_1_288' title='bbox 696 4233 806 4300; x_wconf 88' lang='lat' dir='ltr'><strong>breve.</strong></span> <span class='ocrx_word' id='word_1_289' title='bbox 853 4232 960 4310; x_wconf 86' lang='lat' dir='ltr'><strong>Teste,</strong></span> <span class='ocrx_word' id='word_1_290' title='bbox 984 4230 1035 4298; x_wconf 89' lang='lat' dir='ltr'><strong>W.</strong></span> <span class='ocrx_word' id='word_1_291' title='bbox 1051 4232 1092 4298; x_wconf 87' lang='lat' dir='ltr'><strong>ds</strong></span> <span class='ocrx_word' id='word_1_292' title='bbox 1107 4233 1284 4320; x_wconf 85' lang='lat' dir='ltr'><strong>Norwyoo,</strong></span> <span class='ocrx_word' id='word_1_293' title='bbox 1299 4233 1389 4320; x_wconf 88' lang='lat' dir='ltr'><strong>apud</strong></span> 
     </span>
     <span class='ocr_line' id='line_1_35' title="bbox 341 4333 1388 4420; baseline -0.003 -16"><span class='ocrx_word' id='word_1_294' title='bbox 341 4336 680 4414; x_wconf 78' lang='lat' dir='ltr'><strong>westmonasterium,</strong></span> <span class='ocrx_word' id='word_1_295' title='bbox 696 4348 742 4403; x_wconf 63' lang='grc' dir='ltr'><strong>νο.</strong></span> <span class='ocrx_word' id='word_1_296' title='bbox 758 4335 812 4400; x_wconf 91' lang='lat' dir='ltr'><strong>die</strong></span> <span class='ocrx_word' id='word_1_297' title='bbox 827 4333 918 4412; x_wconf 88' lang='lat' dir='ltr'><strong>Maii,</strong></span> <span class='ocrx_word' id='word_1_298' title='bbox 933 4354 1020 4398; x_wconf 79' lang='lat' dir='ltr'><strong>enno</strong></span> <span class='ocrx_word' id='word_1_299' title='bbox 1035 4333 1129 4420; x_wconf 83' lang='lat' dir='ltr'><strong>regni</strong></span> <span class='ocrx_word' id='word_1_300' title='bbox 1143 4335 1249 4399; x_wconf 89' lang='lat' dir='ltr'><strong>nostri</strong></span> <span class='ocrx_word' id='word_1_301' title='bbox 1263 4335 1388 4420; x_wconf 84' lang='lat' dir='ltr'><strong>quintu.</strong></span> 
     </span>
     <span class='ocr_line' id='line_1_36' title="bbox 344 4433 1389 4524; baseline -0.002 -19"><span class='ocrx_word' id='word_1_302' title='bbox 344 4440 408 4505; x_wconf 87' lang='lat' dir='ltr'><strong>Per</strong></span> <span class='ocrx_word' id='word_1_303' title='bbox 429 4439 574 4505; x_wconf 87' lang='lat' dir='ltr'><strong>rotulum</strong></span> <span class='ocrx_word' id='word_1_304' title='bbox 599 4436 744 4524; x_wconf 89' lang='lat' dir='ltr'><strong>eompoti</strong></span> <span class='ocrx_word' id='word_1_305' title='bbox 768 4433 885 4523; x_wconf 85' lang='lat' dir='ltr'><strong>prioris</strong></span> <span class='ocrx_word' id='word_1_306' title='bbox 908 4434 1151 4517; x_wconf 84' lang='lat' dir='ltr'><strong>Dunoimensis,</strong></span> <span class='ocrx_word' id='word_1_307' title='bbox 1175 4436 1301 4502; x_wconf 93' lang='lat' dir='ltr'><strong>dudum</strong></span> <span class='ocrx_word' id='word_1_308' title='bbox 1324 4437 1389 4503; x_wconf 88' lang='lat' dir='ltr'><strong>ool·</strong></span> 
     </span>
     <span class='ocr_line' id='line_1_37' title="bbox 341 4537 1388 4627; baseline 0 -20"><span class='ocrx_word' id='word_1_309' title='bbox 341 4543 472 4609; x_wconf 82' lang='lat' dir='ltr'><strong>lectoris</strong></span> <span class='ocrx_word' id='word_1_310' title='bbox 503 4541 641 4607; x_wconf 87' lang='lat' dir='ltr'><strong>subsidii</strong></span> <span class='ocrx_word' id='word_1_311' title='bbox 674 4539 834 4627; x_wconf 85' lang='lat' dir='ltr'><strong>praedicti,</strong></span> <span class='ocrx_word' id='word_1_312' title='bbox 865 4537 902 4602; x_wconf 91' lang='lat' dir='ltr'><strong>in</strong></span> <span class='ocrx_word' id='word_1_313' title='bbox 935 4537 1125 4624; x_wconf 87' lang='lat' dir='ltr'><strong>episeopatu</strong></span> <span class='ocrx_word' id='word_1_314' title='bbox 1150 4538 1388 4624; x_wconf 90' lang='lat' dir='ltr'><strong>Dunoimensi;</strong></span> 
     </span>
     <span class='ocr_line' id='line_1_38' title="bbox 341 4639 1516 4726; baseline -0.003 -16"><span class='ocrx_word' id='word_1_315' title='bbox 341 4645 429 4710; x_wconf 89' lang='lat' dir='ltr'><strong>undo</strong></span> <span class='ocrx_word' id='word_1_316' title='bbox 450 4645 546 4710; x_wconf 90' lang='lat' dir='ltr'><strong>vobis</strong></span> <span class='ocrx_word' id='word_1_317' title='bbox 568 4643 762 4708; x_wconf 89' lang='lat' dir='ltr'><strong>mandamus</strong></span> <span class='ocrx_word' id='word_1_318' title='bbox 776 4645 938 4726; x_wconf 87' lang='lat' dir='ltr'><strong>quatenus</strong></span> <span class='ocrx_word' id='word_1_319' title='bbox 964 4639 1089 4706; x_wconf 87' lang='lat' dir='ltr'><strong>dietum</strong></span> <span class='ocrx_word' id='word_1_320' title='bbox 1111 4640 1211 4708; x_wconf 87' lang='lat' dir='ltr'><strong>breve</strong></span> <span class='ocrx_word' id='word_1_321' title='bbox 1233 4642 1267 4708; x_wconf 91' lang='lat' dir='ltr'><strong>in</strong></span> <span class='ocrx_word' id='word_1_322' title='bbox 1284 4645 1389 4710; x_wconf 92' lang='lat' dir='ltr'><strong>omni·</strong></span> <span class='ocrx_word' id='word_1_323' title='bbox 1446 4665 1463 4709; x_wconf 85' lang='lat' dir='ltr'><strong>r.</strong></span> <span class='ocrx_word' id='word_1_324' title='bbox 1471 4666 1516 4712; x_wconf 73' lang='lat'><strong>170.</strong></span> 
     </span>
    </p>
   </div>
   <div class='ocr_carea' id='block_1_3' title="bbox 0 0 1796 5718">
    <p class='ocr_par' dir='ltr' id='par_1_4' title="bbox 0 0 1796 5718">
     <span class='ocr_line' id='line_1_39' title="bbox 0 0 1796 5718; baseline 0 0"><span class='ocrx_word' id='word_1_325' title='bbox 0 0 1796 5718; x_wconf 95' lang='lat' dir='ltr'><strong> </strong></span> 
     </span>
    </p>
   </div>
  </div>
 </body>
</html>
