3562 5714
423 824 488 888 900
600 835 800 886 nnorsrnnn
825 833 1026 885 prunnon
1049 833 1289 884 nnnnnrnnsr.

268 1041 396 1087 rnen.
468 1023 521 1088 De
552 1021 701 1110 portione
730 1043 805 1107 qure
837 1021 905 1087 fuit
940 1019 1104 1087 Johennis
1142 1020 1184 1086 de
1221 1018 1405 1086 Brebnnoin
1437 1019 1473 1082 in
1487 1033 1645 1086 rernm.

514 1123 649 1190 eeclesia
669 1124 711 1190 de
733 1123 902 1190 Norton'-
1037 1157 1052 1170 -
1136 1183 1139 1190 ,
1184 1159 1199 1172 -
1333 1159 1358 1186 -.
1392 1120 1473 1186 Ine.

469 1227 520 1292 De
557 1225 707 1312 portione
743 1246 817 1310 quae
854 1223 920 1290 fuit
957 1223 1099 1292 Andoeae
1137 1223 1177 1288 de
1216 1223 1401 1309 Kylkenny
1438 1223 1476 1287 in

514 1327 647 1393 ecelesia
668 1327 710 1404 ,de
732 1325 941 1412 Derlington'
1091 1385 1094 1393 ,
1132 1361 1174 1393 ,-
1219 1323 1281 1409 cxj.
1292 1345 1314 1390 o.
1334 1323 1360 1409 j.
1373 1323 1404 1390 d.
1421 1346 1473 1410 pn.

471 1428 522 1493 De
545 1427 695 1514 portione
719 1426 835 1492 Karoli
866 1426 907 1490 de
936 1425 1027 1490 Bello
1059 1425 1172 1490 Monte
1204 1425 1239 1488 in
1273 1425 1408 1496 eeclesia
1434 1426 1475 1490 de

438 1599 441 1608 ¹
516 1527 734 1594 Ponthelnnd’
849 1562 862 1574 ·
996 1562 1010 1574 ·
1145 1518 1175 1576 ·”
1202 1524 1308 1610 lxxiij.
1322 1547 1345 1592 e.
1369 1524 1427 1611 iiij.
1444 1525 1474 1591 d.

437 1697 442 1708 ,
471 1631 522 1696 De
559 1629 710 1715 portione
748 1649 822 1713 quae
859 1626 924 1693 fuir
963 1626 1099 1692 Roberti
1145 1627 1187 1692 de
1223 1626 1404 1713 Wyoombe
1442 1629 1476 1692 in

515 1729 648 1796 ecclesie
670 1729 712 1794 de
734 1727 900 1794 Auklend'
1003 1764 1016 1776 ·
1150 1765 1164 1776 ·
1299 1764 1314 1776 -
1358 1728 1427 1814 viij.
1440 1729 1476 1795 li.

440 1903 443 1910 ,
471 1832 520 1895 De
545 1831 694 1917 portione
717 1851 791 1914 quae
821 1829 886 1894 suit
918 1829 1056 1894 Roborei
1086 1829 1128 1894 de
1160 1829 1249 1894 Bilee
1277 1830 1313 1894 in
1347 1831 1478 1896 eeclesia

515 1932 556 1996 de
579 1930 784 2016 Derh'ngbon’
860 1966 874 1978 -
1010 1971 1023 1984 ·
1158 1967 1172 1978 ·
1217 1931 1314 2015 exj.e.
1333 1930 1400 2015 j.d.
1423 1953 1476 2017 qu.

440 2105 444 2114 .
472 2033 517 2098 Ee
540 2036 661 2118 praeper
683 2031 753 2096 haeo
775 2031 973 2118 sequestrari
995 2032 1133 2096 fecimus
1155 2037 1230 2118 poet
1258 2033 1476 2120 receptionem

427 2135 523 2218 igetius
545 2133 656 2200 ultimi
678 2132 799 2212 brevis,
829 2133 917 2198 bone
947 2139 984 2198 et
1012 2132 1132 2200 catalla
1163 2135 1356 2220 subscripto,
1386 2135 1477 2201 vide-

427 2237 572 2302 licebr-
904 2239 907 2244 ’

473 2338 524 2402 De
550 2359 688 2424 persone
703 2336 845 2404 eoelesiae
868 2336 909 2402 de
932 2336 1101 2423 Stnnhop’,
1123 2335 1166 2402 ed
1191 2337 1372 2404 valentiam
1395 2339 1438 2404 xl.
1453 2360 1477 2404 e.

473 2438 638 2504 Portionie
667 2438 834 2504 Lodowioi
861 2438 903 2502 de
934 2437 1026 2503 Bello
1058 2436 1174 2504 Monte
1201 2437 1237 2503 in
1270 2439 1405 2506 ecelesia
1438 2439 1478 2505 de

518 2541 666 2620 Norbon',
689 2541 732 2607 nd
754 2542 935 2607 valentiam
1059 2579 1073 2591 -
1207 2579 1221 2591 -
1353 2579 1368 2592 ·
1412 2565 1444 2610 x.
1455 2564 1478 2609 e.

406 2644 599 2738 o-Praeoer
630 2643 706 2710 xre.
729 2643 821 2730 prius
863 2646 1091 2728 sequestratos,
1124 2644 1167 2709 ed
1207 2666 1282 2730 qune
1323 2666 1391 2710 non
1430 2646 1480 2710 in·

429 2745 580 2810 venimus
602 2749 819 2830 emptores.-

474 2846 524 2910 De
548 2865 687 2931 persone
708 2844 850 2912 eooleeiae
873 2845 914 2910 de
937 2845 1115 2932 Houwyk’,
1138 2846 1181 2912 ed
1205 2847 1383 2914 neleneiem
1420 2870 1479 2915 ee.

475 2945 638 3010 Portionie
660 2967 735 3032 quae
757 2945 823 3012 fuit
844 2947 964 3032 Rogeri
995 2945 1037 3012 de
1066 2947 1181 3016 Insula
1210 2949 1247 3014 in
1277 2949 1410 3017 eeclesia
1439 2951 1479 3016 de

519 3048 658 3126 Norton,
679 3048 722 3113 ed
745 3047 938 3113 valentiam*
1063 3085 1077 3098 -
1210 3087 1225 3104 ·
1357 3089 1372 3102 ·
1416 3075 1447 3118 x.
1457 3075 1480 3120 e.

475 3149 526 3214 De
548 3169 688 3236 persone
709 3149 852 3216 eoeleeiae
874 3149 915 3214 de
930 3148 1149 3230 Whitebum‘‚
1164 3152 1207 3217 ad
1224 3153 1401 3220 velenoinm
1415 3175 1441 3220 o.
1457 3176 1480 3219 e.

475 3249 526 3316 De
549 3271 687 3336 persone
709 3250 852 3317 eooleeiae
874 3250 915 3315 de
938 3250 1130 3338 Houghton,
1153 3252 1196 3318 ed
1220 3254 1398 3321 valentiam

1202 3377 1257 3422 xx.
1272 3377 1480 3423 praecorum.

476 3451 526 3518 De
549 3452 673 3520 vicario
696 3453 737 3519 de
759 3453 958 3541 longeeser,
974 3454 1017 3520 ed
1032 3453 1211 3524 valentiam
1227 3479 1258 3523 x.
1274 3479 1480 3526 mororum.

476 3551 527 3618 De
549 3576 689 3641 persone
710 3553 853 3622 eoelesiae
877 3556 917 3622 de
942 3555 1123 3644 Seggeseld,
1145 3558 1190 3625 ed
1211 3559 1391 3626 valentiam

1349 3685 1428 3730 xxv.
1445 3663 1481 3730 le'.

478 3755 643 3821 Portionie
665 3777 738 3842 qnae
760 3755 825 3823 fuit
847 3757 1016 3844 Redulphi
1049 3760 1090 3828 de
1112 3762 1249 3850 Beeege
1282 3765 1319 3829 in
1350 3765 1484 3832 eoeleoie

448 3851 454 3864 ⁸
523 3857 564 3922 de
586 3853 783 3946 Longoeetr',
806 3857 850 3923 nd
873 3859 1055 3928 valentiam
1206 3900 1221 3913 ·
1353 3901 1367 3914 ·
1414 3889 1482 3934 ne.

446 3953 451 3966 “
479 3955 646 4024 Portionie
668 3978 743 4043 qnae
765 3957 831 4022 fuir
853 3959 988 4026 Thomae
1010 3961 1052 4027 de
1075 3963 1256 4032 Leueshnm
1284 3966 1319 4031 in
1348 3968 1485 4036 eeclesia

523 4060 563 4124 de
586 4058 698 4138 Cestr’,
722 4059 762 4126 nd
787 4060 968 4128 valentiam
1070 4101 1085 4116 ·
1221 4105 1234 4117 -
1369 4107 1382 4120 .
1427 4072 1481 4137 l‚3,

479 4157 655 4226 Portionis'
665 4181 738 4246 quae
762 4159 826 4226 fuit
840 4161 864 4226 J
866 4161 1006 4230 ohannis
1022 4165 1062 4232 de
1079 4167 1285 4256 notingham
1300 4171 1336 4237 in
1351 4174 1485 4242 eeclesia

446 4259 451 4270 '
524 4263 565 4328 de
588 4261 804 4348 Derlin'gton',
826 4263 870 4329 ed
892 4266 1072 4332 valentiam
1221 4307 1235 4319 -
1370 4309 1384 4322 ·
1428 4275 1447 4340 l.
1460 4297 1484 4339 e.

480 4362 531 4429 De
555 4385 694 4450 persone
716 4364 858 4430 eoelesiae
881 4365 922 4431 de
945 4365 1200 4452 Symondburn',
1224 4372 1267 4438 ed
1289 4373 1469 4439 valentiam

1230 4496 1260 4540 v.
1277 4496 1486 4541 enervorum.

481 4567 648 4632 Poreionis
672 4590 746 4653 quae
769 4568 835 4635 fuit
858 4567 1034 4656 Reginnldi
1050 4572 1090 4637 de
1106 4573 1272 4640 Brendon’
1297 4577 1330 4640 in
1355 4576 1488 4644 eeclesia

527 4668 568 4732 de
592 4669 787 4754 Longeestr',
810 4671 852 4735 ad
875 4671 1056 4738 volentiam
1214 4712 1226 4722 -
1362 4713 1376 4725 -
1422 4699 1487 4746 ne.
