3562 5710
399 807 487 872 1068
577 819 777 872 sumsraun
799 817 1001 870 ninimirum
1022 815 1266 870 nuunnunnsn

249 1027 373 1074 smmi.
398 1029 496 1093 quam
519 1007 584 1072 sibi
613 1007 660 1074 sic
690 1004 956 1084 certificaveritis,
979 1004 1019 1070 de
1049 1003 1145 1068 bonis
1170 1009 1205 1069 et
1226 1001 1354 1069 catallis
1376 1012 1623 1088 qualum

397 1110 533 1174 fuerunt
554 1109 658 1195 ipsius
673 1108 811 1174 Roberti
833 1107 886 1173 die
909 1105 1077 1194 praedicto,
1093 1109 1129 1170 et
1152 1125 1226 1191 quae
1248 1125 1309 1191 per
1329 1105 1449 1191 ipsum,

398 1211 563 1277 occasione
595 1210 773 1297 praemissa,
804 1209 841 1274 in
877 1229 1012 1274 manum
1043 1211 1189 1272 nostram
1226 1211 1325 1294 capta
1361 1212 1449 1286 sunt,

399 1313 506 1378 eidem
529 1312 666 1398 Rogare,
691 1311 744 1376 vel
774 1311 844 1396 ejus
874 1309 1042 1375 attornato
1076 1308 1243 1395 praedicto,
1268 1307 1450 1374 satisfaciat

396 1414 543 1480 indilate.
600 1413 698 1478 Teste
725 1413 860 1498 meipso,
894 1410 982 1498 apud
1012 1410 1226 1496 Wyndesore,
1257 1408 1364 1476 xxix0.
1395 1411 1449 1476 die

397 1515 520 1592 Martii,
542 1537 629 1581 anno
644 1515 739 1603 regni
761 1513 865 1580 nostri
881 1513 1114 1579 octava-Per
1135 1513 1235 1578 breve
1255 1512 1296 1577 de
1318 1513 1448 1598 privato

396 1616 510 1704 sigillo

265 1844 278 1876 ⁰
349 1843 361 1877 ·
397 1849 663 1916 '⁶⁶¹⁶
697 1813 1448 2001 ruscimannus:

398 2016 579 2082 venerabili
611 2017 647 2082 in
680 2017 812 2084 Christo
846 2019 943 2106 patri,
986 2017 1137 2099 Riceudo,
1173 2017 1287 2082 eedem
1331 2017 1447 2103 gratia,

397 2117 545 2204 episcopo
568 2117 795 2198 Dunolmensi,
819 2121 966 2186 salutem.
1015 2119 1211 2184 Mandemus
1233 2118 1336 2198 vobis,
1359 2117 1447 2204 quod

396 2218 510 2284 venire
539 2217 667 2286 facietis
697 2241 806 2287 coram
834 2220 1029 2306 justiciariis
1061 2221 1183 2286 nostris
1216 2221 1305 2306 apud
1336 2219 1446 2285 West·

396 2321 680 2400 monasterium,a
702 2323 756 2388 die
771 2323 902 2390 Sanctae
918 2323 1092 2388 Trinitatis
1106 2323 1143 2387 in
1166 2343 1219 2387 xv.
1237 2323 1307 2386 dies
1329 2323 1447 2408 magis·

395 2427 485 2486 trum
500 2421 677 2489 Ricardum
693 2423 734 2490 de
749 2424 858 2502 Cotes,
874 2431 1079 2490 executorem
1102 2424 1295 2489 testamenti
1310 2423 1446 2488 Walteri

396 2522 436 2588 de
459 2523 719 2604 Huntercumbe,
741 2526 893 2592 clericum
917 2532 1074 2604 vostrum,
1096 2527 1140 2591 ad
1161 2523 1445 2611 respondendum¹

389 2624 540 2706 'noterio
563 2626 604 2690 de
628 2625 802 2705 coventre,
824 2627 866 2693 de
895 2627 1015 2713 placito
1037 2627 1126 2713 quod
1147 2627 1225 2712 ipse,
1249 2625 1350 2692 simul
1370 2647 1443 2690 cum

396 2725 541 2791 Roberto
563 2729 604 2792 de
638 2728 785 2814 Bewyk',
809 2733 844 2794 et
876 2727 1022 2794 Roberto
1053 2727 1095 2794 de
1127 2727 1254 2792 Hilton’
1278 2733 1312 2792 et
1342 2727 1445 2792 Elena

395 2848 498 2892 uxore
535 2827 614 2913 ejus,
637 2829 917 2896 coexecutoribus
948 2829 1099 2916 praedicti
1130 2828 1282 2916 magistri
1313 2828 1445 2894 Ricardi

394 2929 586 2994 testamenti
622 2930 780 3014 praedicti,
814 2930 932 2996 reddat
962 2932 993 2997 ei
1011 2950 1012 2953 ’
1030 2930 1149 2996 catalla
1184 2931 1229 2995 ad
1265 2930 1443 2996 valentiam

393 3029 614 3116 quadraginta
635 3029 804 3108 librarum,
826 3053 901 3117 quae
925 3032 956 3097 ei
978 3031 1102 3117 injusto
1124 3031 1260 3112 detinet,
1283 3037 1322 3096 ut
1344 3031 1445 3111 dicit3

394 3137 429 3196 et
452 3132 538 3197 unde
561 3131 743 3198 vicecomes
774 3137 886 3198 noster
910 3133 1159 3198 Northumbriae
1182 3133 1355 3200 mandavit
1372 3133 1445 3218 jus·

393 3232 530 3299 ticiariis
562 3233 685 3300 nostris
716 3235 804 3320 apud
832 3233 1168 3314 westmonasterium,
1191 3257 1213 3300 a
1245 3235 1298 3300 die
1330 3234 1445 3301 Sancti

394 3336 528 3402 Hiiierii
549 3337 587 3401 in
607 3359 659 3402 xv.
682 3337 753 3402 dies
774 3339 863 3424 quod
893 3338 1070 3426 pradictus
1100 3338 1256 3424 magister
1285 3337 1444 3404 Ricardus

393 3438 528 3504 clericus
550 3443 608 3514 est,
623 3443 659 3503 et
680 3459 748 3504 non
771 3439 874 3506 habet
895 3438 1016 3506 laicum
1030 3438 1162 3505 feodum
1186 3439 1221 3503 in
1237 3437 1360 3505 bailiva
1374 3461 1442 3520 sua,

393 3539 451 3604 ubi
466 3545 576 3626 potest
594 3541 801 3605 summoneri.
846 3541 891 3606 Et
904 3541 1026 3606 habeas
1046 3540 1094 3604 ibi
1109 3539 1170 3606 hoc
1185 3539 1292 3606 breve.
1337 3540 1441 3620 Teste,

397 3641 477 3728 [W]
515 3640 557 3706 de
588 3641 753 3718 Bereford,
785 3642 874 3728 apud
900 3639 1239 3720 westmonasterium,
1270 3639 1353 3728 xiij0.
1388 3643 1442 3708 die

393 3742 574 3820 Februarii,
597 3763 686 3808 anno
708 3743 802 3829 regni
823 3743 929 3808 nostri
951 3747 1077 3810 octavo.

226 3948 351 4047 ma
393 3993 540 4046 murnum
638 3939 798 4028 Magister
834 3940 993 4006 Ricardus
1030 3941 1072 4006 de
1109 3941 1208 4008 Ootos
1238 3962 1306 4006 non
1342 3941 1455 4007 habet*

225 4049 302 4103 solur·
591 4041 785 4109 beneficium
808 4040 1060 4109 ecclesiasticum
1082 4043 1119 4107 in
1140 4047 1256 4109 nostra
1277 4043 1418 4110 dioecesi.

224 4255 356 4351 worm
392 4265 660 4331 Brevcpmuuffirs
737 4233 928 4311 Edwardus,
962 4235 1026 4300 Dei
1059 4236 1175 4323 gratia,
1210 4258 1270 4302 rex
1302 4237 1442 4324 Angliae,

226 4356 368 4453 ammas
393 4333 580 4398 defloruepol.
692 4335 843 4400 dominus
876 4335 1055 4414 Hiberniae,
1086 4343 1122 4402 et
1151 4338 1221 4403 dun
1242 4339 1442 4424 Aquitaniae,

250 4409 341 4462 auem
392 4433 571 4500 venerabili
593 4427 629 4500 in
652 4434 785 4502 Christo
807 4437 902 4523 patri,
927 4436 1077 4554 Ricardc
1099 4439 1212 4506 eedem
1234 4439 1350 4526 gratia,
1373 4439 1443 4526 epi·

690 4672 698 4705 ¹
716 4673 801 4726 These
811 4681 861 4726 two
872 4676 953 4726 words
963 4689 1006 4726 are
1017 4681 1144 4742 repeated.
