3468 5704
404 789 469 856 698
584 801 783 854 nrorsrnuu
806 799 1007 850 rsmnnun
1030 799 1270 850 nmmuunrsn

250 963 387 1056 socrus..
405 1027 539 1094 [cmo]
555 1027 664 1078 eccleis
743 985 914 1065 Ricardus,
938 983 1150 1072 permissione
1172 982 1295 1062 divine,
1321 982 1447 1048 Dunol-
1460 1000 1627 1055 messes

233 1075 382 1178 ‹ilthsllffi
401 1097 432 1174 de
479 1095 665 1162 [Overbones-
697 1088 819 1154 mensis
850 1087 1029 1175 episcopus,
1061 1087 1180 1154 dilecto
1202 1086 1280 1168 filio,
1316 1085 1448 1152 domino

234 1177 388 1271 ltili&
400 1165 470 1214 ἀπ’
698 1190 845 1256 Gclfiido
878 1189 919 1255 de
952 1189 1133 1270 Edsnharn,
1155 1188 1331 1275 capellano
1362 1187 1448 1254 solu-

232 1277 363 1379 &iil-'m
400 1297 477 1372 tem,
499 1293 641 1382 gratiam
664 1297 699 1358 et
720 1291 993 1360 benedictionem.
1037 1291 1172 1357 Donum
1194 1290 1351 1367 scientiae,
1371 1311 1448 1356 con·

234 1379 376 1473 illidirm
399 1395 595 1464 versationis
628 1394 793 1472 honestus,
826 1416 864 1461 ac
893 1395 1056 1480 pretiosus
1089 1393 1255 1457 virtutum
1289 1391 1446 1472 cumulus,

233 1479 357 1574 ibffifss
398 1499 520 1584 quibus
542 1517 713 1584 personam
739 1501 833 1562 tuam
849 1497 956 1562 Detur
978 1496 1140 1562 bonorum
1166 1494 1313 1559 omnium
1346 1493 1447 1580 insig-

399 1602 488 1666 niter
508 1599 699 1677 illustravit,
722 1604 871 1664 nostrum
894 1597 1027 1684 pulsent
1051 1598 1206 1678 animum,
1224 1596 1371 1662 studium
1386 1595 1449 1660 sol-

400 1703 541 1780 licitant,
567 1708 601 1766 et
623 1706 768 1788 arguunt
784 1722 851 1766 esse
871 1701 1009 1786 justum,
1025 1705 1065 1766 ut
1086 1703 1121 1766 te
1143 1703 1317 1788 propterea
1338 1698 1447 1764 uberi·

401 1805 466 1871 oris
504 1804 589 1869 dono
623 1803 859 1869 munificentiae
890 1802 1077 1890 specialiter
1115 1802 1318 1867 honoremus
1373 1801 1449 1868 Tibi

400 1908 511 1994 igitur,
542 1906 583 1971 de
606 1905 699 1990 cujus
733 1904 899 1971 industrie
934 1904 1184 1970 commendabili
1207 1904 1338 1990 plenam
1363 1903 1448 1967 fidu-

400 2010 485 2077 ciam
508 2007 702 2086 obtinemus,
727 2007 894 2074 ecclesium
928 2012 1075 2072 curetum
1106 2006 1147 2072 de
1171 2005 1448 2086 Overconesclive,

400 2116 521 2184 nostres
537 2109 693 2193 dioecesis,
710 2131 768 2195 per
790 2114 928 2174 mortem
952 2108 1078 2173 domini
1093 2108 1233 2173 Walteri
1248 2107 1289 2172 de
1306 2106 1451 2174 Clifford'

401 2236 507 2300 nuper
530 2213 665 2278 rectoris
688 2211 843 2296 ejusdem,
860 2215 1044 2290 vacentem,
1062 2215 1095 2274 et
1117 2211 1161 2276 ed
1182 2213 1330 2274 nostram
1352 2209 1450 2275 collar

400 2319 534 2396 tionem,
559 2337 618 2400 per
640 2314 768 2398 lapsum
791 2312 956 2399 temporie,
974 2313 1152 2378 secundum
1174 2315 1303 2376 statuta
1317 2311 1449 2376 Latera-

401 2417 512 2484 nensis
527 2414 675 2494 Concilii,
699 2414 846 2500 legitime
873 2415 1071 2495 devolutam,
1095 2435 1169 2480 cum
1192 2413 1356 2478 universis
1382 2415 1450 2478 suis

398 2517 530 2604 juribus
560 2521 595 2580 et
626 2516 838 2602 pertinentiis
870 2516 1127 2602 quibuscunque,
1162 2515 1380 2598 conferimus,
1398 2517 1449 2581 in·

402 2621 493 2686 tuitu
515 2618 672 2700 caritatis,
696 2619 933 2704 dominumque
955 2618 1132 2686 Ricardum
1148 2617 1290 2705 Pygeon‚
1314 2617 1449 2705 presby·

400 2729 519 2812 terum,
557 2726 616 2786 tuo
646 2721 788 2801 nomine,
811 2743 869 2807 per
891 2724 1042 2786 nostrum
1065 2721 1225 2786 annulum
1255 2722 1451 2786 investimus

400 2823 654 2914 praesentialiter
676 2823 716 2888 de
729 2823 859 2888 eadem.
904 2823 946 2888 In
963 2823 1055 2908 cujus
1069 2824 1118 2889 rei
1140 2823 1377 2903 testimonium,
1391 2823 1451 2888 hes

402 2931 516 2996 literas
539 2930 669 2991 nostres
683 2925 746 2990 tibi
768 2925 840 2989 fieri
863 2930 897 2991 et
919 2926 1020 3012 sigilli
1041 2927 1149 2992 nostri
1167 2926 1303 3004 fecimus
1330 2948 1451 3014 eppen-

403 3033 494 3098 sione
527 3028 656 3093 muniri.
702 3027 829 3092 Datum
863 3029 899 3092 in
930 3029 1077 3094 manerio
1098 3031 1213 3094 nostro
1239 3029 1281 3094 de
1307 3029 1452 3108 Richole,

404 3131 617 3198 Eboreoensis
653 3129 811 3208 dioecesis,
852 3131 913 3196 ix0.
944 3130 998 3197 die
1039 3130 1164 3212 Martii,
1195 3153 1282 3196 enno
1316 3132 1449 3196 Domini

403 3228 639 3317 s1⁰.cce⁰.xiiij⁰.,
663 3237 699 3298 et
720 3233 971 3299 consecrationis
993 3239 1116 3298 nostrae
1138 3239 1264 3318 quarto.

223 3455 388 3502 -uosscor
409 3466 555 3532 [Ianuctio
650 3437 811 3503 Ricerdus
843 3441 912 3514 etc,
926 3423 1055 3504 'dilecto
1077 3436 1155 3519 filio,
1179 3437 1313 3504 domino
1347 3440 1452 3506 erchi-

237 3508 358 3550 induction

237 3559 391 3651 greffiffgm
405 3533 525 3596 ejusdem.
606 3540 743 3606 diacono
780 3543 892 3605 nostro
929 3537 1154 3618 Dunolmensi,
1199 3541 1312 3627 ejusve
1343 3542 1451 3610 locum

237 3659 360 3758 mpod
404 3640 541 3752 tenenti,
557 3642 708 3718 sulutem,
730 3642 874 3727 gretimn
890 3646 924 3707 et
938 3641 1208 3710 benedictionem.
1253 3643 1339 3710 Cum
1354 3647 1452 3714 eccle-

238 3758 391 3856 &diffinio
403 3757 485 3802 s1am
508 3746 655 3806 curatum
687 3743 728 3806 de
759 3743 1036 3824 Ovcrconesclive,
1059 3767 1118 3834 per
1148 3749 1289 3812 mortem
1325 3746 1451 3814 domini

238 3857 343 3900 censor
403 3838 542 3907 Walteri
565 3843 605 3908 do
621 3842 777 3921 Olifford',
800 3845 911 3910 ultimi
934 3849 1069 3914 rectoris
1092 3847 1246 3933 ejusdcm,
1269 3860 1451 3928 vacentem,

237 3907 363 4004 illlis&
404 3950 439 4009 et
461 3945 503 4010 nd
526 3952 675 4013 nostram
690 3946 906 4032 collationem,
924 3971 982 4034 per
1004 3950 1131 4035 lepsum
1154 3952 1320 4038 temporis,
1338 3975 1453 4020 secun·

402 4047 481 4112 dum
511 4053 640 4115 statuto
661 4049 891 4116 Leterauensis
913 4051 1060 4130 Consilii,
1083 4053 1231 4141 legitime
1254 4055 1452 4134 devolutam,

403 4170 490 4216 curae
511 4151 697 4217 animarum
710 4152 902 4239 ‘prospicere
934 4155 1111 4241 cupientes,
1146 4156 1280 4223 domino
1303 4158 1452 4225 Gelfrido

402 4251 442 4317 dc
484 4251 665 4335 Edenham,
698 4255 874 4341 capellano,
904 4277 1010 4342 nuper
1043 4259 1287 4340 contulerimus,
1323 4260 1453 4328 intuitu

403 4355 560 4436 cantetis,
584 4357 819 4444 dominumque
833 4357 1013 4425 Ricardum
1028 4359 1158 4447 Pigeou,
1182 4360 1286 4449 ipsius
1309 4365 1451 4444 nomine,

403 4478 462 4542 per
483 4461 632 4524 nostrum
655 4460 815 4526 annulum
838 4461 1105 4528 investiverimus
1127 4465 1380 4550 presentialiter
1410 4468 1452 4534 dc

404 4557 534 4639 eadem;
556 4561 650 4626 vobis
676 4561 815 4628 firmiter
837 4561 1040 4650 injungendo
1064 4566 1267 4650 mundemus,
1291 4575 1453 4655 quatenus

404 4657 531 4725 dictum
555 4659 748 4743 Galfridum,
765 4665 818 4728 vel
834 4665 903 4748 ejus
919 4673 1171 4752 procuratorem,
1186 4670 1289 4756 ipsius
1310 4673 1452 4752 nomine,
