3562 5710
471 835 671 886 nnorsrnun
694 834 893 886 namrmun
915 835 1157 888 nnunmrnnsn.
1250 822 1337 894 1077

125 1023 384 1100 Aalrinctroun,
409 1042 514 1108 nuper
543 1023 720 1090 vicecomes
749 1027 860 1088 noster
892 1023 1148 1105 Northumbriae,
1171 1025 1229 1110 qui
1252 1025 1338 1090 diem
1367 1045 1491 1095 anius

293 1142 390 1187 suum
412 1123 531 1189 clausit
552 1129 745 1202 emremum,
766 1129 806 1189 ut
827 1125 1019 1211 accepimus,
1041 1125 1216 1190 tenebatur
1244 1126 1339 1192 nobis

293 1223 337 1287 ad
360 1222 563 1290 scaccarium
594 1231 752 1303 nostrum,
774 1225 828 1289 die
851 1246 917 1311 quo
940 1226 1032 1306 obiit,
1055 1226 1092 1290 in
1126 1227 1233 1292 exllc'.
1257 1227 1302 1312 iij.
1315 1249 1339 1293 s.

289 1322 313 1408 j.
327 1322 357 1389 d.
382 1324 422 1389 de
443 1323 594 1409 pluribus
616 1324 746 1405 debitis,
771 1329 805 1390 et
827 1326 944 1394 xxxix,
954 1325 990 1392 11.
1013 1327 1059 1392 ix.
1072 1349 1099 1392 1.
1122 1327 1165 1394 in
1179 1327 1275 1414 (191.
1299 1328 1339 1393 de

292 1430 481 1491 remanente
503 1426 645 1512 compoti
676 1426 737 1504 sui,
760 1425 801 1490 de
823 1427 968 1492 exitibus
998 1433 1160 1494 terrarum
1191 1429 1339 1515 Templa-

292 1525 437 1605 riorum;
459 1525 553 1590 vobis
585 1527 789 1604 mandamus,
812 1529 899 1612 quod
931 1529 972 1594 de
1009 1529 1104 1595 bonis
1141 1533 1175 1595 et
1213 1529 1340 1596 catallis

292 1624 440 1711 ejusdem
456 1625 644 1705 Guichardi,
661 1627 748 1694 infra
761 1628 932 1694 libertates
947 1629 1193 1710 Dunolmenses,
1210 1652 1340 1716 seques·

290 1727 371 1793 trmi
386 1727 523 1806 faciatis,
538 1749 641 1814 usque
654 1729 698 1794 ad
713 1729 893 1796 volentiam
908 1730 1094 1796 debitorum
1109 1732 1340 1818 praedictorum

290 1834 325 1894 et
355 1828 435 1893 indo
467 1829 580 1894 eadem
612 1829 726 1896 debita
757 1831 828 1896 sine
861 1831 1020 1897 dilatione
1053 1831 1158 1898 levari
1189 1833 1340 1913 faciatis3

290 1929 340 1995 ita
360 1929 448 2014 quod
465 1951 576 1995 omnes
591 1930 741 1996 denarios
756 1931 929 2017 praedictos
943 1931 1101 2011 habeatis,
1124 1954 1184 2020 per
1196 1934 1340 2020 aliquem

290 2029 331 2096 de
360 2030 486 2108 vestris,
515 2032 559 2097 ad
589 2030 794 2098 Soaacarium
824 2038 972 2098 nostrum
1003 2033 1091 2120 apud
1122 2033 1341 2100 Westmonos-

290 2131 419 2209 terium,
435 2132 472 2197 in
495 2133 639 2199 crastino
654 2132 787 2199 Sancta
801 2133 985 2212 Trinitatis,
1000 2134 1095 2199 nobis
1110 2134 1283 2200 solvendos
1306 2140 1341 2202 et

289 2231 352 2298 hoc
373 2233 480 2299 breve.
526 2235 632 2312 Teste,
648 2235 691 2300 E
715 2235 756 2300 de
778 2233 963 2312 Staunton’,
978 2236 1066 2321 apud
1083 2235 1342 2304 westmonaste-

290 2335 386 2411 rium,
408 2333 494 2419 xxjo.
516 2334 570 2400 die
592 2335 725 2422 Aprilis,
747 2357 835 2402 anno
857 2337 951 2422 regni
972 2337 1078 2402 nostri
1101 2343 1225 2404 octavo.

291 2490 438 2541 neumam
516 2487 596 2554 Noa
615 2497 764 2575 apparet.
1354 2505 1483 2602 {¹11an

289 2673 446 2792 mdo
458 2690 527 2792 Hpro
588 2635 947 2803 dorEnilllrlrdllsibolrlllae
947 2637 1339 2826 ,gillilluxmrlqulllsllllg
1352 2654 1496 2850 wls

286 2813 359 2856 “⁰⁰
311 2807 375 2870 ⁰⁹⁰'¹
588 2836 815 2904 venerabili
805 2858 842 2901 1n
879 2837 1012 2905 Christo
1055 2841 1152 2925 patri,
1191 2841 1338 2921 Ricard0,
1352 2805 1482 2859 Um

290 2939 403 3005 eadem
440 2943 556 3028 gratia,
594 2940 743 3025 episcopo
781 2938 1006 3018 Dunolmensi,
1044 2941 1192 3008 salutem.
1255 2944 1339 3011 Cum

290 3041 441 3106 dominus
463 3042 656 3118 Edwardus,
680 3039 845 3126 quondam
868 3062 928 3105 rex
950 3040 1086 3128 Angliae,
1103 3047 1198 3131 pater
1219 3051 1339 3124 noster,

289 3147 463 3228 postquam
500 3143 636 3208 libertas
671 3141 877 3226 episcopatus
916 3140 1156 3224 Dunolmeneis,
1192 3149 1340 3232 tempore

289 3245 437 3324 Antonii,
459 3267 566 3332 nuper
588 3243 732 3331 episcopi
753 3243 817 3309 loci
840 3241 939 3322 illius,
962 3244 1205 3329 praedecesscris
1225 3249 1338 3331 vestri,

289 3347 388 3412 certis
422 3348 463 3414 de
494 3347 609 3424 causis,
641 3350 738 3430 capta
768 3343 835 3410 fuit
857 3345 893 3408 in
924 3365 1058 3409 manum
1095 3347 1199 3432 ipsius
1236 3350 1340 3434 patris

289 3450 403 3528 nostri,
426 3450 470 3515 ad
492 3457 612 3516 sectam
647 3445 817 3531 Radnlphi
855 3444 918 3509 filii
940 3445 1105 3523 willelmi,
1138 3446 1201 3512 sibi
1224 3470 1340 3536 sugge-

289 3551 392 3616 rentis
424 3555 537 3617 notam
574 3546 745 3634 cujusdam
767 3545 843 3611 finis
874 3547 911 3610 in
933 3545 1023 3612 curia
1045 3547 1194 3632 praedicti
1217 3549 1341 3635 praedo-

289 3651 423 3716 cessoris
446 3651 558 3728 vestri,
583 3655 661 3715 ante
691 3648 876 3734 captionem
908 3647 1008 3725 illam
1031 3647 1119 3714 inter
1142 3649 1250 3734 ipsum
1273 3650 1341 3715 Ra-

290 3751 463 3837 dulphum,
479 3757 514 3816 et
535 3750 740 3816 Willelmum
763 3746 868 3835 Sayer
891 3755 926 3813 et
948 3748 1179 3836 Margaretam,
1203 3773 1337 3816 uxorem

290 3854 368 3940 ejus,
392 3854 433 3919 de
467 3875 545 3917 xxa
568 3852 699 3917 libratis
730 3849 879 3916 redditus
912 3863 947 3915 et
977 3851 1110 3917 redditu
1133 3851 1177 3917 xl
1208 3858 1339 3938 quarte·

289 3956 415 4020 riorum
437 3951 604 4034 frumenti,
627 3953 671 4018 xl
697 3951 936 4038 quarteriorum
957 3951 1082 4030 hordei,
1105 3958 1140 4017 et
1162 3973 1217 4019 xx.
1241 3975 1340 4038 quar·

289 4057 448 4123 teriorum
469 4077 592 4133 avenae,
622 4075 697 4120 cum
720 4053 936 4141 pertinentiis,
960 4053 996 4117 in
1018 4055 1163 4120 manerio
1189 4054 1230 4120 de
1261 4055 1340 4120 Bre-

290 4158 392 4225 reton'
429 4157 571 4224 levatam
608 4157 716 4234 fuisse,
755 4160 790 4220 et
825 4176 884 4241 per
920 4155 1104 4241 captionem
1149 4156 1339 4242 praedictam

290 4259 536 4349 ingrossendam
573 4255 784 4336 remansisse,
815 4261 850 4321 et
882 4257 983 4320 etiam
1016 4255 1142 4322 inter
1133 4278 1240 4342 1psum
1276 4256 1340 4321 Ra

291 4361 451 4448 dulphum
474 4366 510 4426 et
531 4359 717 4426 Galfridum
739 4360 780 4425 de
795 4357 989 4444 Hcrtrepol,
1012 4362 1180 4424 tenentem
1202 4359 1340 4426 manerii

290 4463 450 4552 predicti,
473 4462 637 4549 quandam
671 4460 833 4546 loquelam
856 4458 897 4524 de
926 4463 1170 4526 attornamento
1192 4459 1340 4526 redditus

289 4565 441 4652 praedicti
488 4565 525 4628 in
561 4563 674 4629 eadem
721 4561 812 4627 ouria
857 4560 1018 4640 habuisse,
1055 4560 1178 4626 dictam
1226 4566 1340 4626 notam

290 4672 325 4734 et
358 4666 535 4743 recordum,
557 4671 592 4731 et
622 4685 807 4752 processum
836 4663 974 4749 loquelas
995 4662 1093 4741 illins,
1119 4682 1226 4730 coram
1249 4663 1341 4730 Hen-
