3562 5710
439 903 446 913 ,
488 827 686 878 numerurm
708 826 910 919 rsmrrunu
933 827 1175 880 nuunnumsn.
1269 815 1356 880 1059

140 1009 476 1078 nnusrrsdditum
507 1015 702 1102 prredictum
737 1014 843 1081 eidem
864 1013 1022 1095 Johenni,
1057 1039 1078 1082 s
1110 1021 1257 1105 temporo
1288 1036 1354 1103 quc
1384 1033 1506 1082 nurus

308 1112 434 1182 dictum
456 1114 640 1183 manerium
661 1116 705 1184 cd
725 1135 843 1183 manus
866 1122 1003 1200 vestras,
1034 1117 1167 1184 nomine
1189 1118 1355 1197 custodire,

307 1215 435 1284 ratione
460 1218 596 1285 minoris
630 1217 740 1284 eetstis
764 1217 903 1284 haeredis
937 1219 1018 1288 dicti
1042 1217 1188 1300 Robcrti,
1211 1221 1354 1302 devenit,

307 1316 477 1406 hucusque
499 1320 701 1402 detinuistis,
725 1323 759 1385 et
794 1320 901 1386 adhuc
924 1321 1081 1388 detinetis
1103 1322 1291 1389 voluntarie
1321 1327 1357 1388 et

307 1419 438 1506 injuste,
454 1421 624 1508 dictosque
639 1426 790 1488 tenentes
806 1421 913 1488 eidem
928 1423 952 1488 J
953 1423 1076 1488 chunni
1091 1423 1169 1489 inde
1183 1424 1356 1491 intendere

306 1542 373 1587 non
404 1523 607 1608 permittitis,
631 1525 674 1589 ad
708 1523 868 1591 damnum
890 1547 987 1590 suum
1019 1547 1085 1592 non
1116 1525 1289 1604 modicum,
1320 1530 1355 1590 et

304 1644 490 1710 gravamen.
536 1625 581 1691 Et
604 1625 683 1711 quic
705 1625 812 1692 eidem
834 1625 981 1692 Johcnni
1004 1627 1091 1713 quod
1109 1626 1239 1712 justum
1254 1627 1356 1692 fuerit

304 1723 376 1790 fieri
398 1726 551 1793 volumus
584 1727 621 1792 in
653 1727 839 1814 praemiesis,
861 1725 956 1794 vobis
988 1728 1191 1808 mandamus,
1215 1728 1302 1814 quod
1325 1727 1354 1792 si

305 1825 356 1893 itu
383 1826 436 1907 sit,
466 1833 548 1895 tunc
578 1829 687 1915 ipsum
709 1829 896 1897 Johennem
930 1829 1058 1897 dictum
1093 1829 1260 1896 redditum
1295 1849 1355 1916 per

305 1947 422 1995 munus
453 1930 640 1996 tenentium
671 1931 906 2018 praedictorum
939 1931 1113 2018 percipere,
1136 1934 1170 1997 et
1202 1931 1292 2018 ipsos
1324 1931 1355 1996 ei

305 2027 382 2093 inde
405 2029 587 2114 intendere,
615 2036 724 2118 prout,
747 2033 875 2098 virtute
899 2032 1114 2099 concessionis
1144 2035 1186 2097 et'
1208 2035 1355 2098 ottoma-

305 2130 409 2196 menti
428 2132 670 2219 praedictorum,
686 2133 882 2209 debuenmt,
904 2138 940 2199 et
961 2137 1108 2220 tempore
1130 2132 1263 2218 praefcti
1290 2129 1356 2197 Rc·

177 2293 184 2301 .
305 2231 392 2298 berti
414 2239 664 2316 consueverunt,
679 2234 892 2322 permittatis,
916 2234 1027 2322 ipsum
1047 2234 1236 2300 Johunnem
1259 2253 1356 2321 super

304 2333 366 2402 hoc
387 2355 456 2402 non
478 2337 690 2403 molestantes
716 2337 865 2403 indebite
895 2357 953 2402 seu
978 2339 1162 2424 gravantes,
1185 2357 1245 2423 per
1265 2335 1353 2422 quod
1428 2393 1441 2402 .

305 2457 442 2504 manum
463 2439 591 2505 adhoc
623 2438 722 2504 uliter
746 2459 910 2526 apponere
932 2438 1116 2504 debeamus.
1166 2437 1264 2504 Teste
1286 2447 1353 2503 m'e-

304 2539 384 2626 ipso,
406 2539 494 2624 opud
520 2539 858 2620 westmonasterium,
876 2536 957 2626 xvj0.
983 2539 1036 2606 die
1061 2537 1242 2621 Februarii,
1255 2559 1356 2606 ¹enno

303 2641 397 2730 regni
418 2641 525 2708 nostri
547 2647 676 2710 octovo.
849 2671 851 2677 ·

303 2839 385 2892 Breve
396 2839 555 2892 dominiis·
647 2795 839 2872 Edwardus,
872 2793 937 2859 Dei
972 2792 1089 2881 gretie,
1121 2813 1181 2858 rex
1214 2789 1354 2878 Angliae,
1367 2805 1500 2902 menna·
1581 2883 1586 2890 ·

303 2921 350 2971 pro
379 2855 569 2971 stephanoffi
602 2896 755 2965 dominus
786 2895 967 2975 Hiberniae,
991 2899 1025 2960 et
1054 2894 1125 2958 dux
1153 2892 1353 2980 Aquitaniae,
1366 2857 1508 3010 ξὲιξξὲοἰί

303 2973 373 3023 Malo
390 2971 469 3024 lucu.
602 2996 786 3065 venerabili
831 2997 867 3061 in
912 2995 1045 3062 Christo
1081 2995 1179 3083 petri,
1204 2995 1468 3074 Ricardum-us.

304 3099 417 3167 ecdem
439 3098 556 3186 gratio,
588 3099 739 3188 episcopo
770 3097 998 3176 Dunolmensi‚
1030 3098 1179 3164 sulutem.
1233 3096 1355 3165 Sciatis

304 3201 393 3286 quod
427 3199 614 3288 Stephanus
648 3201 690 3265 de
724 3198 813 3268 Molo
848 3199 944 3278 Iucu,
969 3219 1107 3286 persono
1137 3197 1281 3266 ecclesius
1314 3199 1355 3265 de

304 3301 482 3392 Hoghton',
497 3303 598 3370 solvit
619 3302 724 3380 nobis,
740 3300 783 3368 ad
807 3299 1012 3368 Scoocerium
1034 3305 1193 3379 nostrum
1208 3300 1292 3385 xiiij.
1305 3298 1355 3380 bi,

304 3426 386 3492 quas
407 3405 503 3472 nobis
529 3403 646 3470 debuit
669 3404 710 3469 de
733 3402 879 3468 subsidio
909 3401 1098 3468 medietatis
1127 3400 1261 3467 domino
1287 3399 1355 3466 Ed-

304 3507 424 3588 wordo,
459 3505 625 3592 quondum
658 3504 730 3590 regi
762 3503 903 3590 Angliae,
926 3502 1016 3590 patri
1052 3506 1173 3580 nostro,
1210 3502 1248 3566 in
1286 3500 1355 3588 epi-

303 3614 440 3695 scopatu
462 3612 573 3676 vestro
595 3605 764 3694 proedicto,
788 3625 876 3670 enno
898 3604 992 3691 regni
1014 3602 1097 3671 dicti
1118 3602 1224 3692 petris
1246 3601 1353 3668 nostri

303 3711 412 3796 xxiijo.
428 3730 586 3778 concesso.
632 3708 677 3773 Et
699 3707 774 3772 ideo
796 3704 892 3772 vobis
914 3704 1118 3784 mandemus,
1135 3703 1223 3790 quod
1244 3704 1354 3792 ipsum

304 3811 511 3899 Stephanum
533 3831 592 3899 pro
614 3806 783 3897 praedictis
806 3805 890 3893 xliij.
905 3803 942 3873 li.
970 3806 1011 3872 de
1040 3810 1160 3874 coetero
1189 3827 1257 3872 non
1287 3805 1355 3872 dis·

303 3913 468 4000 tringotis,
492 3917 526 3978 et
549 3915 762 3998 sequestrum,
785 3909 813 3974 si
835 3908 924 3995 quod
946 3909 984 3974 in
1007 3907 1102 3974 bonis
1129 3905 1353 3976 ecclesiasticis

303 4016 406 4103 ipsius
429 4014 590 4101 Stephani
612 4035 651 4078 sc
673 4012 839 4080 occasione
861 4009 982 4098 apponi
1004 4009 1155 4089 feceritis,
1179 4010 1249 4075 sine
1271 4009 1354 4077 dile-

303 4118 394 4184 tione
415 4117 556 4184 relaxari
577 4115 708 4184 facietis
738 4111 853 4181 eidem
898 4112 1004 4192 Teste,
1030 4111 1139 4178 Ede
1169 4109 1355 4194 Steunton’,

303 4220 393 4308 apud
415 4216 751 4300 westmonasterium,
775 4228 845 4281 xx0.
869 4213 923 4279 die
947 4211 1128 4292 Februarii,
1151 4233 1238 4282 anno
1260 4213 1355 4301 regni

304 4322 412 4390 nostri
433 4319 665 4390 octcv0.-⁶Per
687 4337 789 4387 unam
811 4314 940 4384 tollium
962 4314 1004 4382 de
1026 4313 1205 4384 Sccccorio.

304 4484 517 4606 &goffia
531 4499 576 4548 pro
653 4469 845 4547 Edwardus,
879 4467 943 4532 Dei
979 4465 1096 4554 gretia,
1122 4486 1182 4532 rex
1212 4464 1352 4582 Angliee,
1367 4491 1503 4590 &iffi

304 4620 349 4670 cer
374 4611 381 4624 ·
408 4619 440 4669 re
462 4565 577 4670 Μζξξζ
609 4572 763 4640 dominus
792 4569 1031 4688 Hiberniaect
1060 4568 1131 4635 dux
1152 4567 1494 4688 equitanico,isvis-riggo?0

305 4685 337 4736 oe
375 4692 435 4737 erte.
609 4672 790 4741 venerabili
833 4693 871 4736 rn
908 4669 1038 4738 Christo
1075 4674 1173 4756 patri,
1205 4669 1353 4749 R1cerdo,
1365 4692 1529 4748 ruentem

304 4781 418 4850 ecdem
440 4780 554 4868 gratie,
576 4778 726 4867 episcopo
748 4773 973 4854 Dunolmensi,
989 4772 1142 4940 sulutenu³
1156 4771 1354 4941 ¹³Qssuerelom
1366 4743 1500 4892 {effi-:ror
