3566 5712
475 813 673 864 nnersraurr
696 813 901 864 rsnsrnrrnr
924 813 1165 863 uuumnnrsn.
1279 794 1345 865 817

127 1003 286 1057 mrito&
298 1001 332 1063 te
355 997 513 1080 volentes,
529 998 695 1064 eeclesiam
711 998 931 1084 parochialem
952 998 994 1063 de
1017 995 1263 1076 Redmershille,
1286 1017 1344 1082 per
1375 1009 1498 1054 suune.

298 1105 438 1165 mortem
475 1099 600 1165 domini
631 1099 796 1165 Johannis
829 1099 869 1165 de
904 1100 1043 1177 Bonum,
1065 1099 1178 1164 ultimi
1210 1097 1345 1164 rectoris

298 1203 453 1288 ejusdem,
476 1205 658 1282 vacantem,
680 1206 715 1268 et
746 1201 791 1267 ad
824 1207 969 1268 nostram
1003 1199 1210 1268 collationem
1249 1199 1346 1286 pleno

292 1304 368 1390 jure
400 1309 610 1391 spectantem,
643 1303 715 1382 tibi,
743 1325 816 1369 cum
849 1304 1002 1369 omnibus
1031 1302 1163 1388 juribus
1186 1306 1220 1367 et
1242 1302 1343 1388 perti-

295 1406 420 1472 nentiis
442 1406 518 1486 suis,
534 1405 738 1487 conferimus,
761 1405 890 1471 intuitu
915 1404 1070 1484 caritatis,
1093 1410 1192 1490 teque
1215 1404 1256 1469 de
1282 1404 1343 1469 eis-

296 1510 379 1592 dem,
402 1529 462 1594 per
484 1511 632 1573 nostrum
666 1506 834 1586 annulum,
858 1506 1110 1593 presentialiter
1139 1506 1342 1570 investimus.

297 1611 340 1676 In
363 1610 455 1695 cujus
477 1609 525 1675 rei
548 1609 783 1688 testimonium,
799 1608 945 1696 sigillum
960 1614 1111 1674 nostrum
1126 1606 1344 1694 praesentibus

297 1711 467 1776 duximus,
490 1711 727 1798 apponendum.
774 1711 899 1777 Datum
920 1711 1010 1797 apud
1033 1708 1188 1797 Rychu1e‚
1211 1706 1343 1793 xxviij0.

297 1813 352 1878 die
381 1813 503 1880 mensis
536 1812 560 1877 J
562 1813 629 1892 ulii,
661 1834 749 1878 enno
783 1812 919 1878 Domini
941 1811 1114 1878 millesimo
1136 1807 1211 1879 coc⁰.
1236 1813 1344 1876 sexto-

298 1916 432 1995 decimo,
455 1921 490 1982 et
512 1914 763 1982 consecrationis
785 1920 907 1981 nostrae
929 1919 1030 1980 sexto.

390 2185 396 2200 ,
441 2185 449 2200 ,
642 2117 898 2196 Memorandum,
930 2115 1025 2202 quod,
1057 2116 1178 2182 eisdem
1221 2115 1274 2181 die
1312 2119 1421 2180 etu
1359 2121 1504 2221 Iiihiisie

298 2185 1512 2297 11111111111111·11101111111111111111010111-“

298 2317 443 2398 olmensi,
458 2319 556 2384 vel
528 2339 598 2406 ejus
621 2320 760 2398 officiali,
782 2321 871 2406 quod
892 2319 1087 2407 praedictum
1110 2319 1278 2396 Thomam,
1293 2318 1349 2382 vel

299 2420 401 2505 ipsius
422 2425 666 2506 procuratorem
681 2423 718 2488 in
733 2421 931 2508 corporalem
953 2421 1187 2508 possessionem
1202 2419 1348 2506 ejusdem

298 2521 441 2588 ecclesiae
463 2520 644 2604 induceret,
667 2529 702 2590 et
725 2524 898 2590 inductum
922 2522 1112 2589 defenderet
1134 2522 1289 2589 canonice
1312 2519 1347 2584 in

299 2622 422 2690 eadem.

300 2837 461 2902 Sequemur
495 2839 572 2892 inter
653 2828 821 2908 Ricardus,
845 2828 1059 2914 permissione
1094 2825 1220 2906 diviua,
1252 2828 1347 2892 Dun-
1361 2838 1421 2893 Seru
1421 2841 1492 2886 erre

299 2905 424 2968 positum
383 2905 569 2957 111111111111111
604 2929 757 2996 olmensis
788 2930 966 3017 episcopm,
1010 2930 1138 2996 dilectis
1175 2929 1283 2994 filiis.
1337 2892 1512 2994 ,11111111

299 2971 440 3088 elipeum
460 2974 515 3024 eon
498 2989 570 3024 nnec
602 3030 724 3097 decano
746 3033 786 3097 de
818 3031 1025 3118 Derlington,
1048 3037 1083 3098 et
1112 3032 1282 3098 vicarios
1264 2979 1499 3118 11111-11111111
1481 3056 1501 3088 c·

299 3129 383 3209 dem,
414 3131 563 3210 sulutem,
586 3132 728 3218 gratiam
758 3139 793 3200 et
778 3133 1088 3200 thenedictionem.
1134 3132 1220 3199 Cum
1249 3133 1350 3199 intel·

299 3230 476 3298 lexerimue
499 3256 519 3298 a
541 3235 719 3313 nonnullis,
741 3235 830 3321 quod
861 3236 996 3322 quidam
1029 3257 1071 3302 ex
1102 3239 1198 3322 parte
1220 3234 1350 3320 religio-

300 3355 411 3400 sorum
425 3336 579 3414 virorum,
595 3388 602 3402 .
626 3388 633 3403 .
658 3386 666 3403 .
691 3336 820 3403 abbatis
843 3343 877 3403 et
892 3341 1074 3404 conventus
1089 3336 1205 3403 Sancti
1219 3337 1350 3415 Albani,

303 3438 517 3524 [tenentium]
534 3439 708 3505 rectoriam
724 3437 865 3505 eeclesiae
880 3439 922 3503 de
946 3437 1137 3504 Oonesclive
1159 3438 1350 3503 comminati

301 3544 380 3605 sunt
394 3541 533 3626 publice,
549 3539 676 3624 fructus
698 3540 927 3627 provenientes
943 3539 983 3604 de
998 3539 1096 3604 terris
1112 3539 1243 3605 vicariae
1266 3538 1351 3625 ejus-

302 3640 385 3720 dem,
399 3648 470 3708 tam
493 3665 536 3708 ex
558 3643 697 3729 antiqua
719 3642 935 3720 ordinatione,
950 3664 1049 3728 quam
1071 3645 1186 3708 nostra
1208 3642 1350 3708 declara-

301 3743 391 3810 tione
408 3765 506 3831 super
521 3745 583 3810 hoc
598 3746 695 3823 fasta,
710 3745 902 3832 assignatos,
918 3767 976 3831 per
990 3744 1175 3831 potentiam
1190 3745 1350 3833 colligere,

302 3853 336 3914 et
352 3846 453 3912 etiam
471 3853 646 3931 asperiore,
659 3847 782 3914 messio
797 3846 942 3933 ejusdem
959 3851 1132 3925 asserente,
1148 3868 1190 3912 ex
1204 3846 1350 3926 adverso,

297 3948 355 4035 jus
370 3969 475 4025 suum,
490 3949 578 4034 quod
601 3949 665 4013 sibi
686 3949 724 4014 in
738 3949 860 4015 eisdem
884 3948 1049 4036 competit,
1066 3948 1151 4013 velle
1174 3948 1351 4027 defensare,

302 4048 549 4136 propterquod,
568 4049 608 4115 de
624 4071 797 4137 congressu
820 4072 985 4118 armorum
1008 4050 1052 4116 ad
1070 4050 1221 4129 invicem,
1237 4071 1353 4116 eorun-

303 4150 379 4217 dem
399 4150 567 4216 fructuum
591 4151 811 4232 distractione,
834 4173 872 4219 ao
894 4150 1053 4217 effusione
1075 4151 1245 4237 sanguinis
1268 4151 1353 4216 veri·

303 4253 456 4320 similiter
477 4253 695 4319 formidatur:
723 4276 790 4333 noe,
814 4253 1005 4339 hujusmodi
1028 4253 1182 4339 periculis
1204 4253 1354 4318 volentes

306 4357 514 4423 obstaculum
544 4356 722 4443 interponi,
746 4356 841 4423 vobis
866 4355 1069 4434 mandamus,
1092 4359 1255 4441 quatenus
1284 4354 1356 4420 loca

308 4460 349 4526 de
364 4461 483 4546 quibus
497 4459 610 4546 agitur
626 4459 842 4545 personaliter
862 4459 1060 4537 accedentes,
1075 4458 1202 4525 fruetus
1216 4457 1354 4536 eosdem,

308 4562 504 4628 anctoritate
526 4565 647 4640 nostra,
670 4561 820 4627 celeriter
854 4561 1074 4646 sequestretis,
1107 4560 1259 4646 ipsosque
1292 4560 1355 4626 sub

307 4669 475 4749 sequestro
509 4669 623 4730 nostro
660 4662 817 4730 facientes
848 4663 973 4730 arctius
1006 4662 1171 4743 custodiri,
1195 4663 1298 4730 donee
1321 4683 1355 4727 ee

395 4785 470 4834 VOL.
494 4785 531 4834 11.
1199 4783 1225 4831 K
