3530 5708
417 761 483 834 778
564 801 568 810 ·
596 773 795 827 anorsraon
818 769 1020 822 rmnrmuu
1042 767 1288 820 nosscunusn.

249 967 385 1076 Mfflln}
414 985 607 1104 (ἕψω
693 961 799 1044 Quod,
811 960 924 1027 eodem
940 959 1002 1038 die,
1014 957 1179 1126 conoessig
1186 957 1340 1024 dominus
1353 955 1633 1026 literasanarnas
1742 1009 1743 1036 3

248 1083 338 1125 rumor
477 1067 574 1102 ΜΨ·
648 1063 848 1130 dimissorias
870 1061 1039 1128 Willelmo
1062 1059 1132 1126 filio
1180 1059 1299 1126 imonis
1333 1061 1467 1129 semro

246 1131 387 1276 &pidet
415 1167 456 1232 se
479 1166 673 1252 nesrepou
697 1165 930 1232 Dunolmensis
953 1163 1112 1258 osacen,
1133 1184 1210 1230 cum
1232 1163 1291 1228 ms
1313 1163 1467 1242 anna,

112 1328 115 1339 .
245 1244 403 1382 affl?
415 1275 477 1320 -“
488 1269 577 1334 Dum
599 1273 712 1334 tamen
735 1267 950 1333 sufficientem
973 1265 1113 1332 titulum
1135 1263 1318 1344 exhibeas,''
1341 1267 1402 1332 eto

246 1383 378 1435 Hertrenol

246 1481 390 1577 ppphurggnoe
412 1539 488 1590 Indnl
505 1541 572 1592 entis
615 1557 644 1592 ro
723 1490 897 1558 Universis
928 1494 1051 1558 sanctae
1076 1490 1192 1556 matris
1215 1489 1358 1556 ecelesia
1380 1487 1466 1566 filiis,

244 1583 372 1685 {fiffssussho
413 1556 570 1658 sensisibus
581 1558 651 1672 pie·¹
677 1598 855 1681 praesentes
869 1593 981 1660 literas
993 1593 1198 1679 inspecturis,
1214 1592 1382 1670 Ricardus,
1397 1595 1466 1669 etc,

244 1673 570 1778 tsfflsrffiffllffl‘m·
680 1697 820 1762 seuam
842 1699 901 1762 ecc.
947 1695 1095 1762 verbum
1118 1694 1226 1774 nega
1248 1694 1370 1760 sanas
1385 1693 1466 1758 viss

245 1783 399 1892 ffiffl
412 1800 448 1861 et
483 1795 630 1862 honestis
666 1798 731 1862 rito
767 1798 974 1884 propositum
1011 1801 1134 1863 muetos
1169 1797 1287 1862 matris
1324 1795 1466 1860 eeclesiae

245 1884 301 1928 “¹⁸¹
411 1897 498 1974 filiis,
520 1898 557 1962 in
579 1899 635 1962 via
660 1899 892 1965 mandatorum
924 1898 989 1964 Dei
1018 1897 1227 1965 ambulantes
1252 1899 1296 1964 ad
1317 1918 1466 1984 perseve-

405 1999 555 2068 rantiam
577 2000 655 2066 boni
678 2001 838 2088 propositi
861 2002 1049 2067 corroborat
1072 2006 1106 2066 et
1127 1999 1323 2078 inflammat,
1345 2005 1393 2077 ut,
1408 2021 1467 2086 per

411 2102 500 2168 idem
522 2103 719 2181 nonnullis
741 2103 798 2170 via
819 2103 1030 2170 rectitudinis
1052 2103 1244 2190 plerumque
1265 2102 1466 2182 oberrantes,

411 2225 432 2271 a
455 2205 552 2270 devio
575 2205 750 2272 salubriter
773 2210 989 2285 revocentur3
1012 2226 1250 2290 nonnunquam
1264 2225 1352 2283 vero,
1366 2204 1466 2290 lapsis

378 2329 384 2342 ·
411 2307 449 2372 in
480 2307 676 2394 profundam
713 2313 922 2396 peccatorum
958 2308 1097 2385 foveam,
1120 2311 1317 2393 cooperante
1355 2305 1464 2393 Ipsius

411 2409 650 2488 benevolentia,
665 2409 768 2497 Cujus
782 2411 921 2477 verbum
944 2409 1147 2496 proponitur,
1162 2408 1352 2480 infunditur
1366 2407 1464 2473 mise-

411 2509 584 2578 ricorditer
597 2512 706 2598 gratia
720 2512 921 2600 resurgendi.
940 2579 947 2586 ,
966 2511 1021 2576 Ad
1044 2531 1150 2576 mores
1164 2511 1269 2597 igitur
1290 2513 1326 2574 et
1340 2508 1464 2574 donum

412 2612 567 2691 scientia,
582 2614 702 2698 quibus
725 2614 862 2680 fratrem
877 2613 1081 2680 Willelmum
1104 2613 1145 2678 dc
1168 2611 1324 2690 Iinooln',
1339 2610 1464 2676 ordinis

413 2711 528 2778 Sancti
550 2713 744 2801 Augustini,
767 2737 867 2783 saorae
888 2715 1064 2804 theologiae
1086 2716 1261 2794 doctorem,
1272 2713 1465 2779 Altissimus

411 2813 624 2894 foecundavit,
646 2817 749 2882 aciem
784 2816 972 2904 dirigentes,
994 2815 1228 2903 credentesque
1259 2815 1330 2881 sine
1363 2815 1464 2881 dubio

412 2915 541 2981 fidelem
564 2917 629 2982 Dei
651 2919 810 3005 populum
832 2919 875 2984 ad
889 2918 993 3006 ipsius
1015 2919 1285 3005 praedicationem
1306 2917 1465 2982 libentius

412 3022 512 3104 atque
534 3018 738 3105 frequentius
760 3020 847 3086 velle
870 3019 1042 3098 confluere,
1065 3041 1131 3107 quo
1154 3019 1264 3098 adid,
1287 3041 1346 3106 per
1368 3019 1464 3086 allec-

412 3119 484 3184 tiva
505 3120 790 3208 indulgentiarum
812 3143 959 3200 munera,
980 3123 1081 3188 iirerit
1103 3120 1265 3188 efficacius
1281 3122 1465 3202 excitatus3

412 3221 453 3286 de
485 3222 548 3288 Dei
590 3223 836 3311 Omnipotentis
866 3223 1098 3305 mise1ieordia,
1131 3224 1281 3310 gloriosa
1316 3223 1465 3310 Virginis

414 3325 540 3405 Mariae,
565 3326 685 3392 Matris
707 3327 797 3413 Ejus,
817 3326 1106 3414 apostolorumque
1128 3327 1222 3391 Petri
1244 3331 1280 3391 et
1301 3325 1404 3404 Pauli,
1427 3347 1465 3391 ac

411 3427 610 3493 sanctissimi
642 3427 829 3511 cuthberti,
867 3428 1010 3516 episcopi
1042 3434 1077 3494 et
1108 3428 1298 3494 confessoris
1331 3428 1466 3514 patroni

412 3531 527 3608 nostri,
542 3536 576 3595 et
598 3532 746 3596 omnium
768 3533 965 3612 sanctorum,
984 3529 1111 3596 maritis
1126 3535 1162 3596 et
1176 3529 1465 3596 intercessionibus

390 3668 392 3672 -
412 3631 622 3710 confidentes,
644 3632 798 3698 omnibus
821 3637 856 3698 et
878 3631 1017 3719 singulis
1047 3631 1254 3719 parochianis
1276 3633 1407 3711 nostris,
1430 3639 1465 3698 et

411 3729 528 3797 ahenis
550 3752 689 3818 quorum
721 3734 898 3802 dioecesani
921 3734 1006 3800 hano
1039 3742 1188 3800 nostram
1221 3732 1463 3821 indulgentiam

411 3837 518 3899 ratam
552 3831 739 3913 habuerint,
763 3841 798 3900 et
828 3838 1005 3922 acceptam,
1039 3834 1080 3901 de
1111 3835 1253 3922 peccatis
1288 3835 1358 3900 suis
1386 3857 1464 3901 vere

411 3933 662 4021 poenitentibus,
684 3935 839 4002 confessis
870 3942 904 4004 ct
938 3936 1111 4016 contritis,1
1145 3938 1204 4024 qui
1234 3936 1464 4024 praedicationi

412 4037 493 4102 dicti
515 4037 627 4102 fratris
650 4037 816 4118 Willelmi,
839 4039 1027 4126 ubicunque
1050 4039 1159 4126 ipsum
1181 4040 1359 4127 contigerit
1380 4040 1463 4126 pub-

410 4137 472 4204 hce
494 4161 673 4226 proponere
695 4141 833 4207 verbum
865 4141 938 4221 Dei,
961 4162 998 4207 se
1031 4145 1209 4228 pressantes
1241 4142 1463 4223 exhibuerint,

411 4242 579 4327 proposita
601 4263 659 4328 per
673 4242 813 4308 eundem
837 4243 967 4309 devotis
982 4243 1102 4310 animis
1125 4249 1160 4310 et
1174 4245 1315 4311 intentis
1329 4245 1463 4311 auribus

412 4343 567 4424 audituri,
591 4345 812 4432 quadraginta
832 4344 902 4412 dies
937 4347 978 4411 de
1000 4346 1151 4432 injuncta
1172 4347 1236 4414 sibi
1258 4347 1463 4434 poenitentia,

412 4443 482 4508 Deo
505 4445 657 4531 propitio,
672 4447 865 4513 relaxamus.
913 4447 955 4513 In
976 4447 1070 4534 cujus
1084 4448 1132 4513 rei
1147 4449 1384 4526 testimonium,
1402 4455 1461 4515 eto.

1414 4601 1457 4611 ,-

751 4667 759 4699 ¹
778 4669 905 4736 contritis]
920 4669 1013 4722 contris
1022 4670 1050 4720 in
1063 4671 1118 4722 MS.
