<?xml version="1.0" encoding="UTF-8"?>
<!DOCTYPE html PUBLIC "-//W3C//DTD XHTML 1.0 Transitional//EN"
    "http://www.w3.org/TR/xhtml1/DTD/xhtml1-transitional.dtd">
<html xmlns="http://www.w3.org/1999/xhtml" xml:lang="en" lang="en">
 <head>
  <title>
</title>
<meta http-equiv="Content-Type" content="text/html;charset=utf-8" />
  <meta name='ocr-system' content='tesseract 3.04.00' />
  <meta name='ocr-capabilities' content='ocr_page ocr_carea ocr_par ocr_line ocrx_word'/>
</head>
<body>
  <div class='ocr_page' id='page_1' title='image "./registrumpalati00kellgoog_0435.png"; bbox 0 0 3566 5712; ppageno 0'>
   <div class='ocr_carea' id='block_1_1' title="bbox 428 801 1384 864">
    <p class='ocr_par' dir='ltr' id='par_1_1' title="bbox 428 801 1384 864">
     <span class='ocr_line' id='line_1_1' title="bbox 428 801 1384 864; baseline 0.001 -2"><span class='ocrx_word' id='word_1_1' title='bbox 428 809 434 822; x_wconf 81' lang='grc'><strong>’</strong></span> <span class='ocrx_word' id='word_1_2' title='bbox 513 811 713 862; x_wconf 75' lang='lat' dir='ltr'>aaulsruuu</span> <span class='ocrx_word' id='word_1_3' title='bbox 736 808 939 862; x_wconf 72' lang='lat' dir='ltr'>Pfflrlnuru</span> <span class='ocrx_word' id='word_1_4' title='bbox 963 811 1206 864; x_wconf 73' lang='lat' dir='ltr'>Duuumaasa.</span> <span class='ocrx_word' id='word_1_5' title='bbox 1299 801 1384 863; x_wconf 85' lang='grc'><strong>1051</strong></span> 
     </span>
    </p>
   </div>
   <div class='ocr_carea' id='block_1_2' title="bbox 165 997 1541 2922">
    <p class='ocr_par' dir='ltr' id='par_1_2' title="bbox 165 997 1541 2922">
     <span class='ocr_line' id='line_1_2' title="bbox 165 997 1541 1086; baseline -0.004 -20"><span class='ocrx_word' id='word_1_6' title='bbox 165 1005 320 1058; x_wconf 67' lang='lat' dir='ltr'>sanasse.</span> <span class='ocrx_word' id='word_1_7' title='bbox 335 1001 431 1068; x_wconf 90' lang='lat' dir='ltr'>nobis</span> <span class='ocrx_word' id='word_1_8' title='bbox 461 1003 609 1078; x_wconf 82' lang='lat' dir='ltr'>constat3</span> <span class='ocrx_word' id='word_1_9' title='bbox 642 1019 680 1066; x_wconf 83' lang='lat' dir='ltr'>ac</span> <span class='ocrx_word' id='word_1_10' title='bbox 702 999 868 1065; x_wconf 88' lang='lat' dir='ltr'>Robertus</span> <span class='ocrx_word' id='word_1_11' title='bbox 891 998 931 1063; x_wconf 91' lang='lat' dir='ltr'>de</span> <span class='ocrx_word' id='word_1_12' title='bbox 957 999 1193 1086; x_wconf 80' lang='lat' dir='ltr'>Everynghem</span> <span class='ocrx_word' id='word_1_13' title='bbox 1222 1005 1257 1064; x_wconf 89' lang='lat' dir='ltr'>et</span> <span class='ocrx_word' id='word_1_14' title='bbox 1287 997 1388 1064; x_wconf 87' lang='lat' dir='ltr'>Lucia</span> <span class='ocrx_word' id='word_1_15' title='bbox 1404 1017 1541 1062; x_wconf 59' lang='lat' dir='ltr'>aaran.</span> 
     </span>
     <span class='ocr_line' id='line_1_3' title="bbox 335 1099 1489 1189; baseline -0.003 -21"><span class='ocrx_word' id='word_1_16' title='bbox 335 1125 420 1169; x_wconf 81' lang='lat' dir='ltr'>uxor</span> <span class='ocrx_word' id='word_1_17' title='bbox 443 1103 513 1189; x_wconf 90' lang='lat' dir='ltr'>ejus</span> <span class='ocrx_word' id='word_1_18' title='bbox 536 1101 778 1188; x_wconf 85' lang='lat' dir='ltr'>consanguinea</span> <span class='ocrx_word' id='word_1_19' title='bbox 800 1106 834 1166; x_wconf 91' lang='lat' dir='ltr'>et</span> <span class='ocrx_word' id='word_1_20' title='bbox 865 1101 968 1167; x_wconf 83' lang='lat' dir='ltr'>haeres</span> <span class='ocrx_word' id='word_1_21' title='bbox 991 1101 1223 1186; x_wconf 81' lang='lat' dir='ltr'>praedictorum</span> <span class='ocrx_word' id='word_1_22' title='bbox 1247 1099 1388 1166; x_wconf 88' lang='lat' dir='ltr'>Marme-</span> <span class='ocrx_word' id='word_1_23' title='bbox 1487 1137 1489 1142; x_wconf 95' lang='lat'>·</span> 
     </span>
     <span class='ocr_line' id='line_1_4' title="bbox 336 1202 1387 1290; baseline -0.003 -18"><span class='ocrx_word' id='word_1_24' title='bbox 336 1205 411 1272; x_wconf 90' lang='lat' dir='ltr'>duci</span> <span class='ocrx_word' id='word_1_25' title='bbox 441 1211 475 1272; x_wconf 88' lang='lat' dir='ltr'>et</span> <span class='ocrx_word' id='word_1_26' title='bbox 500 1204 618 1282; x_wconf 87' lang='lat' dir='ltr'>Luciae,</span> <span class='ocrx_word' id='word_1_27' title='bbox 644 1203 741 1269; x_wconf 90' lang='lat' dir='ltr'>nobis</span> <span class='ocrx_word' id='word_1_28' title='bbox 764 1203 917 1268; x_wconf 78' lang='lat' dir='ltr'><strong>dederint</strong></span> <span class='ocrx_word' id='word_1_29' title='bbox 943 1202 1095 1290; x_wconf 75' lang='lat' dir='ltr'>intelligi,</span> <span class='ocrx_word' id='word_1_30' title='bbox 1118 1203 1208 1289; x_wconf 89' lang='lat' dir='ltr'>quod</span> <span class='ocrx_word' id='word_1_31' title='bbox 1230 1223 1289 1270; x_wconf 84' lang='lat' dir='ltr'>vos</span> <span class='ocrx_word' id='word_1_32' title='bbox 1318 1223 1387 1269; x_wconf 88' lang='lat' dir='ltr'>ma-</span> 
     </span>
     <span class='ocr_line' id='line_1_5' title="bbox 333 1304 1388 1390; baseline -0.002 -18"><span class='ocrx_word' id='word_1_33' title='bbox 333 1308 462 1374; x_wconf 90' lang='lat' dir='ltr'>nerium</span> <span class='ocrx_word' id='word_1_34' title='bbox 484 1307 525 1372; x_wconf 88' lang='lat' dir='ltr'>de</span> <span class='ocrx_word' id='word_1_35' title='bbox 540 1305 644 1383; x_wconf 88' lang='lat' dir='ltr'>Hert’,</span> <span class='ocrx_word' id='word_1_36' title='bbox 666 1305 754 1390; x_wconf 91' lang='lat' dir='ltr'>quod</span> <span class='ocrx_word' id='word_1_37' title='bbox 769 1304 835 1369; x_wconf 84' lang='lat' dir='ltr'>fuit</span> <span class='ocrx_word' id='word_1_38' title='bbox 861 1304 1000 1370; x_wconf 80' lang='lat' dir='ltr'>Roberti</span> <span class='ocrx_word' id='word_1_39' title='bbox 1024 1305 1064 1370; x_wconf 91' lang='lat' dir='ltr'>de</span> <span class='ocrx_word' id='word_1_40' title='bbox 1087 1305 1181 1384; x_wconf 90' lang='lat' dir='ltr'>Brus,</span> <span class='ocrx_word' id='word_1_41' title='bbox 1202 1305 1331 1372; x_wconf 91' lang='lat' dir='ltr'>inimici</span> <span class='ocrx_word' id='word_1_42' title='bbox 1353 1311 1388 1371; x_wconf 89' lang='lat' dir='ltr'>et</span> 
     </span>
     <span class='ocr_line' id='line_1_6' title="bbox 334 1397 1386 1495; baseline -0.001 -21"><span class='ocrx_word' id='word_1_43' title='bbox 334 1409 464 1475; x_wconf 89' lang='lat' dir='ltr'>rebellis</span> <span class='ocrx_word' id='word_1_44' title='bbox 494 1397 608 1487; x_wconf 85' lang='lat' dir='ltr'>nostri,</span> <span class='ocrx_word' id='word_1_45' title='bbox 640 1407 874 1494; x_wconf 75' lang='lat' dir='ltr'>consanguinei</span> <span class='ocrx_word' id='word_1_46' title='bbox 908 1412 943 1474; x_wconf 90' lang='lat' dir='ltr'>et</span> <span class='ocrx_word' id='word_1_47' title='bbox 977 1407 1116 1474; x_wconf 83' lang='lat' dir='ltr'>haersdis</span> <span class='ocrx_word' id='word_1_48' title='bbox 1146 1407 1297 1495; x_wconf 87' lang='lat' dir='ltr'>praedicti</span> <span class='ocrx_word' id='word_1_49' title='bbox 1326 1407 1386 1473; x_wconf 88' lang='lat' dir='ltr'>Pe·</span> 
     </span>
     <span class='ocr_line' id='line_1_7' title="bbox 334 1509 1387 1597; baseline -0.001 -20"><span class='ocrx_word' id='word_1_50' title='bbox 334 1512 379 1578; x_wconf 90' lang='lat' dir='ltr'>tri</span> <span class='ocrx_word' id='word_1_51' title='bbox 401 1512 443 1577; x_wconf 88' lang='lat' dir='ltr'>de</span> <span class='ocrx_word' id='word_1_52' title='bbox 466 1511 559 1592; x_wconf 79' lang='lat' dir='ltr'>Burs,</span> <span class='ocrx_word' id='word_1_53' title='bbox 593 1515 628 1577; x_wconf 91' lang='lat' dir='ltr'>et</span> <span class='ocrx_word' id='word_1_54' title='bbox 650 1509 748 1595; x_wconf 91' lang='lat' dir='ltr'>quod,</span> <span class='ocrx_word' id='word_1_55' title='bbox 771 1515 931 1595; x_wconf 88' lang='lat' dir='ltr'>tanquam</span> <span class='ocrx_word' id='word_1_56' title='bbox 966 1515 1125 1576; x_wconf 86' lang='lat' dir='ltr'>escaetam</span> <span class='ocrx_word' id='word_1_57' title='bbox 1148 1514 1304 1589; x_wconf 86' lang='lat' dir='ltr'>nostram,</span> <span class='ocrx_word' id='word_1_58' title='bbox 1326 1532 1387 1597; x_wconf 92' lang='lat' dir='ltr'>pro</span> 
     </span>
     <span class='ocr_line' id='line_1_8' title="bbox 334 1611 1387 1700; baseline -0.005 -20"><span class='ocrx_word' id='word_1_59' title='bbox 334 1615 420 1680; x_wconf 92' lang='lat' dir='ltr'>bono</span> <span class='ocrx_word' id='word_1_60' title='bbox 450 1613 593 1694; x_wconf 87' lang='lat' dir='ltr'>servitio,</span> <span class='ocrx_word' id='word_1_61' title='bbox 618 1613 708 1699; x_wconf 92' lang='lat' dir='ltr'>quod</span> <span class='ocrx_word' id='word_1_62' title='bbox 739 1612 905 1696; x_wconf 73' lang='lat' dir='ltr'>Robertus</span> <span class='ocrx_word' id='word_1_63' title='bbox 936 1613 977 1678; x_wconf 90' lang='lat' dir='ltr'>de</span> <span class='ocrx_word' id='word_1_64' title='bbox 1009 1611 1168 1700; x_wconf 81' lang='lat' dir='ltr'>Olyfford’</span> <span class='ocrx_word' id='word_1_65' title='bbox 1199 1612 1294 1679; x_wconf 88' lang='lat' dir='ltr'>nobis</span> <span class='ocrx_word' id='word_1_66' title='bbox 1325 1612 1387 1676; x_wconf 60' lang='lat' dir='ltr'>ima</span> 
     </span>
     <span class='ocr_line' id='line_1_9' title="bbox 335 1713 1387 1803; baseline -0.002 -22"><span class='ocrx_word' id='word_1_67' title='bbox 335 1715 458 1803; x_wconf 89' lang='lat' dir='ltr'>pendit,</span> <span class='ocrx_word' id='word_1_68' title='bbox 487 1716 593 1782; x_wconf 89' lang='lat' dir='ltr'>eidem</span> <span class='ocrx_word' id='word_1_69' title='bbox 620 1715 765 1780; x_wconf 89' lang='lat' dir='ltr'>Roberto</span> <span class='ocrx_word' id='word_1_70' title='bbox 796 1714 946 1780; x_wconf 81' lang='lat' dir='ltr'>dedimus</span> <span class='ocrx_word' id='word_1_71' title='bbox 977 1720 1011 1780; x_wconf 91' lang='lat' dir='ltr'>et</span> <span class='ocrx_word' id='word_1_72' title='bbox 1041 1713 1266 1793; x_wconf 86' lang='lat' dir='ltr'>concessimus,</span> <span class='ocrx_word' id='word_1_73' title='bbox 1299 1713 1387 1800; x_wconf 91' lang='lat' dir='ltr'>quod</span> 
     </span>
     <span class='ocr_line' id='line_1_10' title="bbox 335 1815 1389 1903; baseline -0.003 -19"><span class='ocrx_word' id='word_1_74' title='bbox 335 1818 435 1884; x_wconf 88' lang='lat' dir='ltr'>etiam</span> <span class='ocrx_word' id='word_1_75' title='bbox 465 1818 505 1882; x_wconf 91' lang='lat' dir='ltr'>de</span> <span class='ocrx_word' id='word_1_76' title='bbox 536 1816 683 1903; x_wconf 79' lang='lat' dir='ltr'>praefatis</span> <span class='ocrx_word' id='word_1_77' title='bbox 706 1815 850 1882; x_wconf 88' lang='lat' dir='ltr'>Roberto</span> <span class='ocrx_word' id='word_1_78' title='bbox 881 1817 922 1881; x_wconf 90' lang='lat' dir='ltr'>de</span> <span class='ocrx_word' id='word_1_79' title='bbox 956 1816 1191 1903; x_wconf 85' lang='lat' dir='ltr'>Everynghem</span> <span class='ocrx_word' id='word_1_80' title='bbox 1222 1822 1256 1882; x_wconf 90' lang='lat' dir='ltr'>et</span> <span class='ocrx_word' id='word_1_81' title='bbox 1286 1816 1389 1884; x_wconf 89' lang='lat' dir='ltr'>Lucia</span> 
     </span>
     <span class='ocr_line' id='line_1_11' title="bbox 336 1917 1388 2006; baseline -0.001 -20"><span class='ocrx_word' id='word_1_82' title='bbox 336 1925 475 1997; x_wconf 83' lang='lat' dir='ltr'>tenetur,</span> <span class='ocrx_word' id='word_1_83' title='bbox 498 1925 539 1984; x_wconf 89' lang='lat' dir='ltr'>ut</span> <span class='ocrx_word' id='word_1_84' title='bbox 559 1919 750 2005; x_wconf 90' lang='lat' dir='ltr'>accepimus,</span> <span class='ocrx_word' id='word_1_85' title='bbox 774 1918 902 1984; x_wconf 88' lang='lat' dir='ltr'>ratione</span> <span class='ocrx_word' id='word_1_86' title='bbox 931 1917 1020 1983; x_wconf 87' lang='lat' dir='ltr'>feodi</span> <span class='ocrx_word' id='word_1_87' title='bbox 1043 1918 1203 2004; x_wconf 74' lang='lat' dir='ltr'>praedicti,</span> <span class='ocrx_word' id='word_1_88' title='bbox 1227 1920 1388 2006; x_wconf 90' lang='lat' dir='ltr'>quodque,</span> 
     </span>
     <span class='ocr_line' id='line_1_12' title="bbox 336 2018 1391 2109; baseline 0.002 -23"><span class='ocrx_word' id='word_1_89' title='bbox 336 2044 394 2109; x_wconf 89' lang='lat' dir='ltr'>per</span> <span class='ocrx_word' id='word_1_90' title='bbox 423 2027 562 2088; x_wconf 90' lang='lat' dir='ltr'>mortem</span> <span class='ocrx_word' id='word_1_91' title='bbox 593 2020 744 2107; x_wconf 84' lang='lat' dir='ltr'>praedicti</span> <span class='ocrx_word' id='word_1_92' title='bbox 770 2020 909 2086; x_wconf 90' lang='lat' dir='ltr'>Roberti</span> <span class='ocrx_word' id='word_1_93' title='bbox 933 2019 973 2084; x_wconf 91' lang='lat' dir='ltr'>de</span> <span class='ocrx_word' id='word_1_94' title='bbox 1001 2018 1157 2097; x_wconf 85' lang='lat' dir='ltr'>Clifford&#39;,</span> <span class='ocrx_word' id='word_1_95' title='bbox 1182 2042 1288 2107; x_wconf 89' lang='lat' dir='ltr'>nuper</span> <span class='ocrx_word' id='word_1_96' title='bbox 1318 2023 1391 2108; x_wconf 90' lang='lat' dir='ltr'>capi</span> 
     </span>
     <span class='ocr_line' id='line_1_13' title="bbox 337 2121 1389 2200; baseline 0.001 -12"><span class='ocrx_word' id='word_1_97' title='bbox 337 2124 473 2190; x_wconf 83' lang='lat' dir='ltr'>fecimus</span> <span class='ocrx_word' id='word_1_98' title='bbox 494 2124 531 2188; x_wconf 94' lang='lat' dir='ltr'>in</span> <span class='ocrx_word' id='word_1_99' title='bbox 553 2144 691 2188; x_wconf 90' lang='lat' dir='ltr'>manum</span> <span class='ocrx_word' id='word_1_100' title='bbox 722 2126 878 2200; x_wconf 85' lang='lat' dir='ltr'>nostram,</span> <span class='ocrx_word' id='word_1_101' title='bbox 901 2125 936 2186; x_wconf 91' lang='lat' dir='ltr'>et</span> <span class='ocrx_word' id='word_1_102' title='bbox 966 2121 1054 2186; x_wconf 90' lang='lat' dir='ltr'>unde</span> <span class='ocrx_word' id='word_1_103' title='bbox 1084 2142 1216 2187; x_wconf 87' lang='lat' dir='ltr'>manum</span> <span class='ocrx_word' id='word_1_104' title='bbox 1242 2130 1389 2189; x_wconf 89' lang='lat' dir='ltr'>nostram</span> 
     </span>
     <span class='ocr_line' id='line_1_14' title="bbox 337 2221 1390 2302; baseline 0 -12"><span class='ocrx_word' id='word_1_105' title='bbox 337 2226 466 2292; x_wconf 87' lang='lat' dir='ltr'>ratione</span> <span class='ocrx_word' id='word_1_106' title='bbox 504 2223 668 2290; x_wconf 87' lang='lat' dir='ltr'>libertatis</span> <span class='ocrx_word' id='word_1_107' title='bbox 700 2228 819 2289; x_wconf 72' lang='lat' dir='ltr'>vestrm</span> <span class='ocrx_word' id='word_1_108' title='bbox 851 2221 1094 2301; x_wconf 89' lang='lat' dir='ltr'>Dunolmensis,</span> <span class='ocrx_word' id='word_1_109' title='bbox 1128 2225 1320 2302; x_wconf 87' lang='lat' dir='ltr'>amovimus,</span> <span class='ocrx_word' id='word_1_110' title='bbox 1355 2229 1390 2290; x_wconf 91' lang='lat' dir='ltr'>et</span> 
     </span>
     <span class='ocr_line' id='line_1_15' title="bbox 339 2324 1390 2412; baseline -0.001 -20"><span class='ocrx_word' id='word_1_111' title='bbox 339 2327 427 2412; x_wconf 92' lang='lat' dir='ltr'>quod</span> <span class='ocrx_word' id='word_1_112' title='bbox 450 2326 522 2412; x_wconf 86' lang='lat' dir='ltr'>capi</span> <span class='ocrx_word' id='word_1_113' title='bbox 544 2324 666 2391; x_wconf 88' lang='lat' dir='ltr'>fecistis</span> <span class='ocrx_word' id='word_1_114' title='bbox 696 2325 733 2389; x_wconf 92' lang='lat' dir='ltr'>in</span> <span class='ocrx_word' id='word_1_115' title='bbox 759 2345 894 2390; x_wconf 87' lang='lat' dir='ltr'>manum</span> <span class='ocrx_word' id='word_1_116' title='bbox 921 2329 1075 2405; x_wconf 88' lang='lat' dir='ltr'>vestram,</span> <span class='ocrx_word' id='word_1_117' title='bbox 1099 2325 1227 2390; x_wconf 87' lang='lat' dir='ltr'>ratione</span> <span class='ocrx_word' id='word_1_118' title='bbox 1256 2326 1390 2391; x_wconf 87' lang='lat' dir='ltr'>minoris</span> 
     </span>
     <span class='ocr_line' id='line_1_16' title="bbox 339 2423 1391 2514; baseline -0.002 -18"><span class='ocrx_word' id='word_1_119' title='bbox 339 2429 450 2496; x_wconf 73' lang='lat' dir='ltr'>aetatis</span> <span class='ocrx_word' id='word_1_120' title='bbox 479 2427 619 2494; x_wconf 77' lang='lat' dir='ltr'>haeredis</span> <span class='ocrx_word' id='word_1_121' title='bbox 648 2427 798 2514; x_wconf 72' lang='lat' dir='ltr'>praedicti</span> <span class='ocrx_word' id='word_1_122' title='bbox 829 2424 967 2492; x_wconf 84' lang='lat' dir='ltr'>Robcrti</span> <span class='ocrx_word' id='word_1_123' title='bbox 997 2426 1037 2490; x_wconf 92' lang='lat' dir='ltr'>de</span> <span class='ocrx_word' id='word_1_124' title='bbox 1068 2423 1227 2511; x_wconf 83' lang='lat' dir='ltr'>Clyfford&#39;</span> <span class='ocrx_word' id='word_1_125' title='bbox 1254 2427 1290 2492; x_wconf 92' lang='lat' dir='ltr'>in</span> <span class='ocrx_word' id='word_1_126' title='bbox 1320 2448 1391 2494; x_wconf 87' lang='lat' dir='ltr'>cus-</span> 
     </span>
     <span class='ocr_line' id='line_1_17' title="bbox 339 2527 1390 2614; baseline -0.002 -17"><span class='ocrx_word' id='word_1_127' title='bbox 339 2531 432 2597; x_wconf 86' lang='lat' dir='ltr'>todia</span> <span class='ocrx_word' id='word_1_128' title='bbox 462 2535 577 2596; x_wconf 85' lang='lat' dir='ltr'>nostra</span> <span class='ocrx_word' id='word_1_129' title='bbox 608 2528 790 2606; x_wconf 86' lang='lat' dir='ltr'>existentis,</span> <span class='ocrx_word' id='word_1_130' title='bbox 822 2532 856 2592; x_wconf 90' lang='lat' dir='ltr'>et</span> <span class='ocrx_word' id='word_1_131' title='bbox 886 2527 970 2592; x_wconf 91' lang='lat' dir='ltr'>illud</span> <span class='ocrx_word' id='word_1_132' title='bbox 1001 2527 1148 2614; x_wconf 88' lang='lat' dir='ltr'>praefatis</span> <span class='ocrx_word' id='word_1_133' title='bbox 1180 2527 1324 2594; x_wconf 89' lang='lat' dir='ltr'>Roberto</span> <span class='ocrx_word' id='word_1_134' title='bbox 1350 2529 1390 2595; x_wconf 91' lang='lat' dir='ltr'>dc</span> 
     </span>
     <span class='ocr_line' id='line_1_18' title="bbox 340 2627 1391 2718; baseline -0.001 -21"><span class='ocrx_word' id='word_1_135' title='bbox 340 2632 574 2718; x_wconf 85' lang='lat' dir='ltr'>Everyngham</span> <span class='ocrx_word' id='word_1_136' title='bbox 599 2635 633 2696; x_wconf 90' lang='lat' dir='ltr'>et</span> <span class='ocrx_word' id='word_1_137' title='bbox 648 2630 759 2696; x_wconf 68' lang='lat' dir='ltr'>Lucina</span> <span class='ocrx_word' id='word_1_138' title='bbox 775 2629 871 2694; x_wconf 84' lang='lat' dir='ltr'>uxori</span> <span class='ocrx_word' id='word_1_139' title='bbox 887 2629 966 2715; x_wconf 88' lang='lat' dir='ltr'>ejus,</span> <span class='ocrx_word' id='word_1_140' title='bbox 982 2627 1137 2695; x_wconf 89' lang='lat' dir='ltr'>detinetis</span> <span class='ocrx_word' id='word_1_141' title='bbox 1152 2629 1263 2696; x_wconf 89' lang='lat' dir='ltr'>minus</span> <span class='ocrx_word' id='word_1_142' title='bbox 1281 2631 1391 2716; x_wconf 90' lang='lat' dir='ltr'>juste;</span> 
     </span>
     <span class='ocr_line' id='line_1_19' title="bbox 340 2731 1391 2818; baseline -0.001 -19"><span class='ocrx_word' id='word_1_143' title='bbox 340 2734 435 2801; x_wconf 86' lang='lat' dir='ltr'>vobis</span> <span class='ocrx_word' id='word_1_144' title='bbox 457 2733 659 2812; x_wconf 86' lang='lat' dir='ltr'>mandamus,</span> <span class='ocrx_word' id='word_1_145' title='bbox 682 2732 771 2818; x_wconf 89' lang='lat' dir='ltr'>quod</span> <span class='ocrx_word' id='word_1_146' title='bbox 793 2731 915 2796; x_wconf 90' lang='lat' dir='ltr'>eisdem</span> <span class='ocrx_word' id='word_1_147' title='bbox 938 2731 1082 2796; x_wconf 85' lang='lat' dir='ltr'>Roberto</span> <span class='ocrx_word' id='word_1_148' title='bbox 1104 2736 1139 2796; x_wconf 91' lang='lat' dir='ltr'>et</span> <span class='ocrx_word' id='word_1_149' title='bbox 1160 2732 1271 2799; x_wconf 88' lang='lat' dir='ltr'>Luciae</span> <span class='ocrx_word' id='word_1_150' title='bbox 1293 2734 1391 2798; x_wconf 86' lang='lat' dir='ltr'>uxori</span> 
     </span>
     <span class='ocr_line' id='line_1_20' title="bbox 340 2831 1390 2922; baseline -0.004 -20"><span class='ocrx_word' id='word_1_151' title='bbox 340 2837 419 2922; x_wconf 86' lang='lat' dir='ltr'>ejus,</span> <span class='ocrx_word' id='word_1_152' title='bbox 435 2836 615 2902; x_wconf 77' lang='lat' dir='ltr'>custodiam</span> <span class='ocrx_word' id='word_1_153' title='bbox 638 2834 778 2901; x_wconf 87' lang='lat' dir='ltr'>manerii</span> <span class='ocrx_word' id='word_1_154' title='bbox 792 2831 950 2920; x_wconf 72' lang='lat' dir='ltr'>praedicti,</span> <span class='ocrx_word' id='word_1_155' title='bbox 973 2833 1045 2898; x_wconf 89' lang='lat' dir='ltr'>sine</span> <span class='ocrx_word' id='word_1_156' title='bbox 1067 2832 1234 2914; x_wconf 87' lang='lat' dir='ltr'>dilatione,</span> <span class='ocrx_word' id='word_1_157' title='bbox 1256 2833 1390 2900; x_wconf 89' lang='lat' dir='ltr'>liberari</span> 
     </span>
    </p>
   </div>
   <div class='ocr_carea' id='block_1_3' title="bbox 226 2933 1392 3226">
    <p class='ocr_par' dir='ltr' id='par_1_3' title="bbox 226 2933 1392 3226">
     <span class='ocr_line' id='line_1_21' title="bbox 340 2933 1391 3026; baseline -0.002 -22"><span class='ocrx_word' id='word_1_158' title='bbox 340 2939 477 3016; x_wconf 87' lang='lat' dir='ltr'>faciatis,</span> <span class='ocrx_word' id='word_1_159' title='bbox 507 2937 692 3004; x_wconf 84' lang='lat' dir='ltr'>habendam</span> <span class='ocrx_word' id='word_1_160' title='bbox 717 2936 818 3021; x_wconf 81' lang='lat' dir='ltr'>justa</span> <span class='ocrx_word' id='word_1_161' title='bbox 847 2936 986 3000; x_wconf 86' lang='lat' dir='ltr'>formam</span> <span class='ocrx_word' id='word_1_162' title='bbox 1018 2933 1249 3026; x_wconf 73' lang='lat' dir='ltr'>assignationis</span> <span class='ocrx_word' id='word_1_163' title='bbox 1278 2957 1391 3023; x_wconf 86' lang='lat' dir='ltr'>supra·</span> 
     </span>
     <span class='ocr_line' id='line_1_22' title="bbox 226 3035 1392 3125; baseline 0 -20"><span class='ocrx_word' id='word_1_164' title='bbox 226 3049 229 3058; x_wconf 85' lang='lat'>&#39;</span> <span class='ocrx_word' id='word_1_165' title='bbox 341 3040 446 3107; x_wconf 87' lang='lat' dir='ltr'>dictae.</span> <span class='ocrx_word' id='word_1_166' title='bbox 493 3039 588 3104; x_wconf 86' lang='lat' dir='ltr'>Teste</span> <span class='ocrx_word' id='word_1_167' title='bbox 611 3039 745 3125; x_wconf 85' lang='lat' dir='ltr'>meipso,</span> <span class='ocrx_word' id='word_1_168' title='bbox 769 3037 858 3124; x_wconf 87' lang='lat' dir='ltr'>apud</span> <span class='ocrx_word' id='word_1_169' title='bbox 880 3035 1217 3116; x_wconf 80' lang='lat' dir='ltr'>westmonasterium,</span> <span class='ocrx_word' id='word_1_170' title='bbox 1241 3051 1316 3102; x_wconf 86' lang='lat' dir='ltr'><strong>xx0.</strong></span> <span class='ocrx_word' id='word_1_171' title='bbox 1338 3039 1392 3105; x_wconf 91' lang='lat' dir='ltr'>die</span> 
     </span>
     <span class='ocr_line' id='line_1_23' title="bbox 342 3139 1020 3226; baseline -0.006 -20"><span class='ocrx_word' id='word_1_172' title='bbox 342 3141 523 3218; x_wconf 84' lang='lat' dir='ltr'>Februarii,</span> <span class='ocrx_word' id='word_1_173' title='bbox 546 3161 633 3206; x_wconf 86' lang='lat' dir='ltr'>anno</span> <span class='ocrx_word' id='word_1_174' title='bbox 655 3139 749 3226; x_wconf 85' lang='lat' dir='ltr'>regni</span> <span class='ocrx_word' id='word_1_175' title='bbox 771 3139 876 3204; x_wconf 88' lang='lat' dir='ltr'>nostri</span> <span class='ocrx_word' id='word_1_176' title='bbox 898 3144 1020 3204; x_wconf 85' lang='lat' dir='ltr'>octavo</span> 
     </span>
    </p>
   </div>
   <div class='ocr_carea' id='block_1_4' title="bbox 346 3338 1562 3442">
    <p class='ocr_par' dir='ltr' id='par_1_4' title="bbox 346 3338 1562 3442">
     <span class='ocr_line' id='line_1_24' title="bbox 346 3338 1562 3442; baseline -0.008 -30"><span class='ocrx_word' id='word_1_177' title='bbox 346 3413 451 3427; x_wconf 65' lang='grc'><strong>,,,,,</strong></span> <span class='ocrx_word' id='word_1_178' title='bbox 469 3375 552 3426; x_wconf 57' lang='grc' dir='ltr'>,Μ</span> <span class='ocrx_word' id='word_1_179' title='bbox 574 3377 606 3424; x_wconf 68' lang='lat' dir='ltr'>d,</span> <span class='ocrx_word' id='word_1_180' title='bbox 685 3338 858 3415; x_wconf 83' lang='lat' dir='ltr'>Ricardus,</span> <span class='ocrx_word' id='word_1_181' title='bbox 880 3338 1091 3426; x_wconf 86' lang='lat' dir='ltr'>permissione</span> <span class='ocrx_word' id='word_1_182' title='bbox 1115 3343 1184 3418; x_wconf 83' lang='lat' dir='ltr'>etc,</span> <span class='ocrx_word' id='word_1_183' title='bbox 1208 3340 1336 3406; x_wconf 87' lang='lat' dir='ltr'>dilectis</span> <span class='ocrx_word' id='word_1_184' title='bbox 1358 3346 1496 3406; x_wconf 67' lang='lat' dir='ltr'>etrusc</span> <span class='ocrx_word' id='word_1_185' title='bbox 1402 3347 1562 3442; x_wconf 57' lang='lat' dir='ltr'>mffl‘l&#39;l&#39;</span> 
     </span>
    </p>
   </div>
   <div class='ocr_carea' id='block_1_5' title="bbox 347 3439 1562 3542">
    <p class='ocr_par' dir='ltr' id='par_1_5' title="bbox 347 3439 1562 3542">
     <span class='ocr_line' id='line_1_25' title="bbox 347 3439 1562 3542; baseline -0.003 -33"><span class='ocrx_word' id='word_1_186' title='bbox 347 3441 606 3509; x_wconf 68' lang='lat' dir='ltr'>[Saneamumo]</span> <span class='ocrx_word' id='word_1_187' title='bbox 641 3441 794 3507; x_wconf 86' lang='lat' dir='ltr'>fidelibus</span> <span class='ocrx_word' id='word_1_188' title='bbox 831 3439 907 3518; x_wconf 88' lang='lat' dir='ltr'>suis,</span> <span class='ocrx_word' id='word_1_189' title='bbox 942 3440 1079 3526; x_wconf 87' lang='lat' dir='ltr'>Hugoni</span> <span class='ocrx_word' id='word_1_190' title='bbox 1118 3440 1158 3505; x_wconf 89' lang='lat' dir='ltr'>de</span> <span class='ocrx_word' id='word_1_191' title='bbox 1181 3441 1390 3506; x_wconf 88' lang='lat' dir='ltr'>Louthret</span> <span class='ocrx_word' id='word_1_192' title='bbox 1356 3445 1390 3507; x_wconf 89' lang='lat' dir='ltr'>et</span> <span class='ocrx_word' id='word_1_193' title='bbox 1403 3453 1443 3492; x_wconf 76' lang='lat' dir='ltr'>teu</span> <span class='ocrx_word' id='word_1_194' title='bbox 1444 3449 1482 3492; x_wconf 74' lang='lat'>⁰11¹</span> <span class='ocrx_word' id='word_1_195' title='bbox 1473 3449 1562 3542; x_wconf 58' lang='lat'>,33⁰</span> 
     </span>
    </p>
   </div>
   <div class='ocr_carea' id='block_1_6' title="bbox 344 3499 1550 3628">
    <p class='ocr_par' dir='ltr' id='par_1_6' title="bbox 344 3499 1550 3628">
     <span class='ocr_line' id='line_1_26' title="bbox 344 3499 1550 3628; baseline -0.008 -14"><span class='ocrx_word' id='word_1_196' title='bbox 344 3548 439 3614; x_wconf 89' lang='lat' dir='ltr'>sociis</span> <span class='ocrx_word' id='word_1_197' title='bbox 485 3547 561 3623; x_wconf 89' lang='lat' dir='ltr'>suis,</span> <span class='ocrx_word' id='word_1_198' title='bbox 606 3549 665 3612; x_wconf 89' lang='lat' dir='ltr'>etc.</span> <span class='ocrx_word' id='word_1_199' title='bbox 741 3543 847 3608; x_wconf 85' lang='lat' dir='ltr'>Breve</span> <span class='ocrx_word' id='word_1_200' title='bbox 892 3541 1018 3606; x_wconf 90' lang='lat' dir='ltr'>domini</span> <span class='ocrx_word' id='word_1_201' title='bbox 1062 3540 1148 3628; x_wconf 85' lang='lat' dir='ltr'>regis</span> <span class='ocrx_word' id='word_1_202' title='bbox 1194 3546 1252 3606; x_wconf 81' lang='lat' dir='ltr'>etc</span> <span class='ocrx_word' id='word_1_203' title='bbox 1270 3542 1390 3607; x_wconf 87' lang='lat' dir='ltr'>:-·Ed</span> <span class='ocrx_word' id='word_1_204' title='bbox 1401 3499 1547 3594; x_wconf 50' lang='lat' dir='ltr'>afflue</span> <span class='ocrx_word' id='word_1_205' title='bbox 1483 3549 1550 3593; x_wconf 67' lang='lat' dir='ltr'>offit-</span> 
     </span>
    </p>
   </div>
   <div class='ocr_carea' id='block_1_7' title="bbox 271 3599 1504 4760">
    <p class='ocr_par' dir='ltr' id='par_1_7' title="bbox 345 3599 1504 4342">
     <span class='ocr_line' id='line_1_27' title="bbox 345 3599 1504 3731; baseline -0.008 -14"><span class='ocrx_word' id='word_1_206' title='bbox 345 3649 485 3726; x_wconf 83' lang='lat' dir='ltr'>werdus,</span> <span class='ocrx_word' id='word_1_207' title='bbox 516 3647 580 3712; x_wconf 90' lang='lat' dir='ltr'>Dei</span> <span class='ocrx_word' id='word_1_208' title='bbox 610 3645 726 3731; x_wconf 78' lang='lat' dir='ltr'>gretia,</span> <span class='ocrx_word' id='word_1_209' title='bbox 759 3665 818 3709; x_wconf 86' lang='lat' dir='ltr'>rex</span> <span class='ocrx_word' id='word_1_210' title='bbox 848 3643 988 3730; x_wconf 86' lang='lat' dir='ltr'>Angliae,</span> <span class='ocrx_word' id='word_1_211' title='bbox 1019 3641 1170 3707; x_wconf 87' lang='lat' dir='ltr'>dominus</span> <span class='ocrx_word' id='word_1_212' title='bbox 1202 3648 1270 3722; x_wconf 84' lang='lat' dir='ltr'>etc,</span> <span class='ocrx_word' id='word_1_213' title='bbox 1305 3644 1391 3710; x_wconf 89' lang='lat' dir='ltr'>salu-</span> <span class='ocrx_word' id='word_1_214' title='bbox 1402 3599 1504 3644; x_wconf 54' lang='lat' dir='ltr'>nm</span> 
     </span>
     <span class='ocr_line' id='line_1_28' title="bbox 346 3741 1393 3831; baseline -0.005 -14"><span class='ocrx_word' id='word_1_215' title='bbox 346 3757 421 3818; x_wconf 90' lang='lat' dir='ltr'>tem.</span> <span class='ocrx_word' id='word_1_216' title='bbox 479 3749 653 3831; x_wconf 78' lang='lat' dir='ltr'>Querelam</span> <span class='ocrx_word' id='word_1_217' title='bbox 687 3746 800 3812; x_wconf 91' lang='lat' dir='ltr'>dilecti</span> <span class='ocrx_word' id='word_1_218' title='bbox 832 3744 970 3810; x_wconf 90' lang='lat' dir='ltr'>nobis</span> <span class='ocrx_word' id='word_1_219' title='bbox 960 3765 997 3808; x_wconf 93' lang='lat' dir='ltr'>1n</span> <span class='ocrx_word' id='word_1_220' title='bbox 1028 3741 1169 3824; x_wconf 76' lang='lat' dir='ltr'>Christo,</span> <span class='ocrx_word' id='word_1_221' title='bbox 1191 3745 1322 3812; x_wconf 85' lang='lat' dir='ltr'>abbatis</span> <span class='ocrx_word' id='word_1_222' title='bbox 1352 3748 1393 3812; x_wconf 91' lang='lat' dir='ltr'>de</span> 
     </span>
     <span class='ocr_line' id='line_1_29' title="bbox 349 3847 1394 3934; baseline -0.009 -12"><span class='ocrx_word' id='word_1_223' title='bbox 349 3854 470 3922; x_wconf 80' lang='lat' dir='ltr'>Sancto</span> <span class='ocrx_word' id='word_1_224' title='bbox 485 3852 623 3927; x_wconf 84' lang='lat' dir='ltr'>Albano,</span> <span class='ocrx_word' id='word_1_225' title='bbox 652 3849 841 3934; x_wconf 84' lang='lat' dir='ltr'>recepimus,</span> <span class='ocrx_word' id='word_1_226' title='bbox 865 3847 1098 3923; x_wconf 89' lang='lat' dir='ltr'>continentem,</span> <span class='ocrx_word' id='word_1_227' title='bbox 1120 3847 1217 3933; x_wconf 90' lang='lat' dir='ltr'>quod,</span> <span class='ocrx_word' id='word_1_228' title='bbox 1241 3869 1315 3914; x_wconf 88' lang='lat' dir='ltr'>cum</span> <span class='ocrx_word' id='word_1_229' title='bbox 1330 3851 1394 3917; x_wconf 88' lang='lat' dir='ltr'>Ra-</span> 
     </span>
     <span class='ocr_line' id='line_1_30' title="bbox 346 3947 1395 4043; baseline -0.006 -21"><span class='ocrx_word' id='word_1_230' title='bbox 346 3955 490 4043; x_wconf 87' lang='lat' dir='ltr'>dulphus</span> <span class='ocrx_word' id='word_1_231' title='bbox 526 3953 614 4018; x_wconf 89' lang='lat' dir='ltr'>filius</span> <span class='ocrx_word' id='word_1_232' title='bbox 651 3950 811 4016; x_wconf 90' lang='lat' dir='ltr'>Willelmi</span> <span class='ocrx_word' id='word_1_233' title='bbox 851 3970 956 4035; x_wconf 89' lang='lat' dir='ltr'>nuper</span> <span class='ocrx_word' id='word_1_234' title='bbox 993 3947 1249 4034; x_wconf 86' lang='lat' dir='ltr'>implacitaverit</span> <span class='ocrx_word' id='word_1_235' title='bbox 1286 3951 1395 4036; x_wconf 85' lang='lat' dir='ltr'>ipsum</span> 
     </span>
     <span class='ocr_line' id='line_1_31' title="bbox 347 4050 1395 4132; baseline -0.006 -7"><span class='ocrx_word' id='word_1_236' title='bbox 347 4058 497 4124; x_wconf 87' lang='lat' dir='ltr'>abbatem</span> <span class='ocrx_word' id='word_1_237' title='bbox 522 4056 558 4120; x_wconf 91' lang='lat' dir='ltr'>in</span> <span class='ocrx_word' id='word_1_238' title='bbox 581 4052 669 4120; x_wconf 86' lang='lat' dir='ltr'>ouria</span> <span class='ocrx_word' id='word_1_239' title='bbox 691 4055 802 4118; x_wconf 87' lang='lat' dir='ltr'>vestra</span> <span class='ocrx_word' id='word_1_240' title='bbox 827 4050 989 4116; x_wconf 81' lang='lat' dir='ltr'>libertatis</span> <span class='ocrx_word' id='word_1_241' title='bbox 1012 4054 1132 4116; x_wconf 88' lang='lat' dir='ltr'>vestrae</span> <span class='ocrx_word' id='word_1_242' title='bbox 1155 4051 1395 4132; x_wconf 85' lang='lat' dir='ltr'>Dunolmensie,</span> 
     </span>
     <span class='ocr_line' id='line_1_32' title="bbox 348 4152 1397 4248; baseline -0.007 -21"><span class='ocrx_word' id='word_1_243' title='bbox 348 4161 436 4248; x_wconf 91' lang='lat' dir='ltr'>apud</span> <span class='ocrx_word' id='word_1_244' title='bbox 469 4155 656 4244; x_wconf 82' lang='lat' dir='ltr'>Sadbergh&#39;,</span> <span class='ocrx_word' id='word_1_245' title='bbox 679 4175 788 4221; x_wconf 89' lang='lat' dir='ltr'>coram</span> <span class='ocrx_word' id='word_1_246' title='bbox 813 4152 1007 4238; x_wconf 84' lang='lat' dir='ltr'>justiciariis</span> <span class='ocrx_word' id='word_1_247' title='bbox 1037 4152 1154 4218; x_wconf 85' lang='lat' dir='ltr'>vestris</span> <span class='ocrx_word' id='word_1_248' title='bbox 1184 4152 1317 4233; x_wconf 89' lang='lat' dir='ltr'>ibidem,</span> <span class='ocrx_word' id='word_1_249' title='bbox 1339 4175 1397 4241; x_wconf 89' lang='lat' dir='ltr'>per</span> 
     </span>
     <span class='ocr_line' id='line_1_33' title="bbox 348 4253 1396 4342; baseline -0.006 -14"><span class='ocrx_word' id='word_1_250' title='bbox 348 4262 448 4328; x_wconf 88' lang='lat' dir='ltr'>breve</span> <span class='ocrx_word' id='word_1_251' title='bbox 486 4265 642 4336; x_wconf 87' lang='lat' dir='ltr'>vestrum,</span> <span class='ocrx_word' id='word_1_252' title='bbox 668 4256 770 4342; x_wconf 85' lang='lat' dir='ltr'>juxta</span> <span class='ocrx_word' id='word_1_253' title='bbox 799 4255 1068 4321; x_wconf 89' lang='lat' dir='ltr'>consuetudinem</span> <span class='ocrx_word' id='word_1_254' title='bbox 1099 4253 1196 4320; x_wconf 84' lang='lat' dir='ltr'>dictae</span> <span class='ocrx_word' id='word_1_255' title='bbox 1225 4255 1396 4336; x_wconf 87' lang='lat' dir='ltr'>libertatis,</span> 
     </span>
    </p>

    <p class='ocr_par' dir='ltr' id='par_1_8' title="bbox 271 4356 1436 4760">
     <span class='ocr_line' id='line_1_34' title="bbox 271 4356 1395 4449; baseline -0.021 -15"><span class='ocrx_word' id='word_1_256' title='bbox 271 4366 272 4370; x_wconf 66' lang='grc'>’</span> <span class='ocrx_word' id='word_1_257' title='bbox 348 4367 390 4432; x_wconf 92' lang='lat' dir='ltr'>de</span> <span class='ocrx_word' id='word_1_258' title='bbox 412 4387 450 4430; x_wconf 88' lang='lat' dir='ltr'>eo</span> <span class='ocrx_word' id='word_1_259' title='bbox 473 4361 562 4449; x_wconf 92' lang='lat' dir='ltr'>quod</span> <span class='ocrx_word' id='word_1_260' title='bbox 591 4359 680 4425; x_wconf 91' lang='lat' dir='ltr'>idem</span> <span class='ocrx_word' id='word_1_261' title='bbox 702 4357 804 4424; x_wconf 86' lang='lat' dir='ltr'>abbas</span> <span class='ocrx_word' id='word_1_262' title='bbox 832 4356 1039 4443; x_wconf 88' lang='lat' dir='ltr'>permitteret</span> <span class='ocrx_word' id='word_1_263' title='bbox 1069 4356 1243 4443; x_wconf 85' lang='lat' dir='ltr'>praefatum</span> <span class='ocrx_word' id='word_1_264' title='bbox 1274 4357 1395 4424; x_wconf 84' lang='lat' dir='ltr'>Rcdul.</span> 
     </span>
     <span class='ocr_line' id='line_1_35' title="bbox 349 4458 1397 4556; baseline -0.004 -23"><span class='ocrx_word' id='word_1_265' title='bbox 349 4468 453 4556; x_wconf 90' lang='lat' dir='ltr'>phum</span> <span class='ocrx_word' id='word_1_266' title='bbox 482 4467 680 4553; x_wconf 82' lang='lat' dir='ltr'>praesentare</span> <span class='ocrx_word' id='word_1_267' title='bbox 709 4460 862 4526; x_wconf 89' lang='lat' dir='ltr'>idoneam</span> <span class='ocrx_word' id='word_1_268' title='bbox 892 4480 1063 4546; x_wconf 88' lang='lat' dir='ltr'>personam</span> <span class='ocrx_word' id='word_1_269' title='bbox 1093 4458 1136 4525; x_wconf 90' lang='lat' dir='ltr'>ad</span> <span class='ocrx_word' id='word_1_270' title='bbox 1167 4459 1334 4528; x_wconf 86' lang='lat' dir='ltr'>ecclesiam</span> <span class='ocrx_word' id='word_1_271' title='bbox 1357 4464 1397 4529; x_wconf 89' lang='lat' dir='ltr'>de</span> 
     </span>
     <span class='ocr_line' id='line_1_36' title="bbox 351 4558 1436 4652; baseline -0.009 -16"><span class='ocrx_word' id='word_1_272' title='bbox 351 4571 440 4637; x_wconf 91' lang='lat' dir='ltr'>Ovcr</span> <span class='ocrx_word' id='word_1_273' title='bbox 470 4565 656 4652; x_wconf 84' lang='lat' dir='ltr'>Oonysclif;</span> <span class='ocrx_word' id='word_1_274' title='bbox 682 4563 911 4650; x_wconf 89' lang='lat' dir='ltr'>judiciumque</span> <span class='ocrx_word' id='word_1_275' title='bbox 947 4561 1025 4626; x_wconf 90' lang='lat' dir='ltr'>inde</span> <span class='ocrx_word' id='word_1_276' title='bbox 1050 4558 1137 4626; x_wconf 89' lang='lat' dir='ltr'>inte&#39;r</span> <span class='ocrx_word' id='word_1_277' title='bbox 1159 4562 1264 4629; x_wconf 84' lang='lat' dir='ltr'>dictes</span> <span class='ocrx_word' id='word_1_278' title='bbox 1290 4569 1399 4650; x_wconf 87' lang='lat' dir='ltr'>partes</span> <span class='ocrx_word' id='word_1_279' title='bbox 1430 4609 1436 4626; x_wconf 82' lang='lat'><strong>.</strong></span> 
     </span>
     <span class='ocr_line' id='line_1_37' title="bbox 350 4653 1399 4760; baseline -0.007 -21"><span class='ocrx_word' id='word_1_280' title='bbox 350 4695 409 4760; x_wconf 86' lang='lat' dir='ltr'>per</span> <span class='ocrx_word' id='word_1_281' title='bbox 426 4669 627 4759; x_wconf 85' lang='lat' dir='ltr'>justiciarios</span> <span class='ocrx_word' id='word_1_282' title='bbox 642 4665 816 4755; x_wconf 87' lang='lat' dir='ltr'>praedictos</span> <span class='ocrx_word' id='word_1_283' title='bbox 838 4663 962 4732; x_wconf 86' lang='lat' dir='ltr'>ibidem</span> <span class='ocrx_word' id='word_1_284' title='bbox 977 4662 1087 4733; x_wconf 89' lang='lat' dir='ltr'>debite</span> <span class='ocrx_word' id='word_1_285' title='bbox 1109 4653 1399 4745; x_wconf 82' lang='lat' dir='ltr'>redditum&#39;fuerit,</span> 
     </span>
    </p>
   </div>
   <div class='ocr_carea' id='block_1_8' title="bbox 0 0 1811 5712">
    <p class='ocr_par' dir='ltr' id='par_1_9' title="bbox 0 0 1811 5712">
     <span class='ocr_line' id='line_1_38' title="bbox 0 0 1811 5712; baseline 0 0"><span class='ocrx_word' id='word_1_286' title='bbox 0 0 1811 5712; x_wconf 95' lang='lat' dir='ltr'> </span> 
     </span>
    </p>
   </div>
  </div>
 </body>
</html>
