3530 5708
484 805 685 856 assurum
708 801 911 857 amarmuu
933 805 1174 858 uuunnunusa
1288 789 1353 861 793

129 991 481 1078 mmaflugonom
503 991 602 1057 dictae
624 990 830 1078 possessioni,
851 994 892 1057 ut
913 991 1141 1078 praemittitur,
1163 991 1355 1058 incumben·
1384 1001 1440 1046 au.
1448 1003 1508 1046 1⁸1⁰·

304 1099 381 1171 tem,
410 1093 500 1159 facta
532 1093 624 1179 prius
655 1114 714 1179 per
736 1113 804 1171 vos,
828 1113 887 1158 seu
909 1093 1109 1158 auctoritate
1131 1098 1253 1171 vostra,
1274 1095 1355 1160 cita-

304 1195 396 1260 tione
411 1216 495 1280 quse,
514 1193 617 1280 juxta
638 1195 743 1280 ipsius
764 1194 892 1280 negotii
916 1194 1112 1279 qualitatem
1135 1201 1170 1260 et
1192 1201 1356 1274 naturam,

306 1296 532 1382 requirebatur
563 1296 605 1361 de
633 1295 718 1381 jure,
743 1295 903 1381 doctoque
933 1295 970 1359 in
1001 1302 1123 1361 eventu
1145 1318 1204 1382 per
1229 1297 1356 1362 dictum

305 1401 542 1483 praesentatum
565 1395 607 1462 do
625 1396 796 1462 vacatione
828 1395 996 1483 praedictae
1018 1397 1171 1476 ecclesia,
1193 1402 1229 1462 st
1251 1397 1357 1463 causis

306 1496 486 1562 vacationis
508 1493 707 1580 hujusmodi,
731 1517 790 1582 per
819 1497 936 1582 ipsum,
960 1502 1000 1562 ut
1021 1498 1247 1583 praemittitur,
1274 1519 1357 1584 prae·

306 1598 416 1678 tensis,
434 1597 609 1684 praelatum
633 1597 809 1684 Hugonem
831 1597 874 1662 ab
897 1597 1011 1664 eadem
1027 1598 1167 1680 ecclesia,
1192 1605 1356 1685 quatenus

307 1700 338 1764 ei
360 1699 401 1764 de
423 1699 510 1766 facto
532 1699 753 1778 incumbebat,
772 1699 926 1781 amoveri,
950 1705 985 1764 et
1008 1701 1138 1766 nullum
1155 1701 1214 1786 jus
1236 1701 1356 1768 habere

307 1801 344 1864 in
366 1800 479 1866 cadem
513 1800 679 1878 declarari,
702 1801 908 1888 eundemque
940 1807 1181 1887 praesentatum
1214 1805 1256 1868 ad
1279 1825 1355 1868 ean·

308 1901 382 1966 dem
404 1923 464 1986 per
485 1923 544 1967 vos
577 1901 722 1979 admitti,
753 1923 790 1967 ac
823 1903 860 1966 in
890 1903 1075 1989 praemissis,
1099 1909 1134 1970 et
1157 1925 1196 1969 ca
1228 1905 1356 1971 contin-

307 2002 470 2089 gentibus,
488 2003 657 2089 justitiam
680 2003 744 2068 sibi
766 2003 914 2069 debitam
936 2004 974 2068 in
995 2005 1149 2070 omnibus
1164 2005 1357 2092 petivisset:

309 2125 367 2168 vos
395 2111 507 2170 autem
539 2106 731 2172 citationem
761 2106 797 2170 in
828 2104 916 2170 dicto
938 2106 1204 2190 praesentationis
1227 2107 1358 2192 negotio

309 2205 490 2284 concedere,
512 2227 568 2272 seu
591 2227 778 2292 processum
808 2206 985 2291 aliqualem
1015 2205 1155 2272 ulterius
1184 2207 1221 2271 in
1244 2207 1358 2272 eodem

309 2304 422 2387 facere,
457 2307 588 2372 dictove
617 2311 817 2395 praesentato
835 2307 1005 2392 justitiam
1034 2306 1072 2371 iu
1102 2309 1280 2393 praemissis
1306 2308 1360 2373 de-

310 2409 413 2475 bitam
436 2408 598 2487 exhibere,
628 2409 665 2473 in
698 2410 784 2494 juris
814 2408 981 2495 injuriam,
1011 2411 1195 2489 recusastis,
1225 2417 1361 2498 propter

311 2531 384 2596 quae
421 2515 456 2576 ct
493 2531 606 2575 eorum
643 2509 817 2595 quodlibet
861 2514 1063 2575 memoratus
1104 2511 1275 2578 lohannes
1320 2513 1360 2578 de

313 2611 481 2696 Crosseby,
518 2611 664 2677 sentiens
701 2632 736 2676 se
772 2631 831 2698 per
868 2632 928 2676 vos
965 2611 1112 2678 indebite
1150 2616 1360 2701 praegravari,

312 2711 409 2778 curiae
442 2711 640 2778 Eboraccnsi
679 2711 836 2798 legitima,
874 2713 960 2778 siout
998 2714 1125 2793 assuit,
1168 2716 1359 2802 appellavit.

224 2883 232 2888 ,
313 2811 471 2893 Quocirca
499 2812 687 2879 reverendae
717 2813 912 2900 paternitati
943 2819 1072 2895 vestrae,
1096 2838 1171 2882 oum
1202 2839 1240 2882 ea
1269 2839 1361 2884 reve·

312 2915 422 2980 rentia
444 2935 510 3000 qua
531 2914 635 2995 decet,
665 2913 863 2980 auctoritate
893 2915 992 2982 dictae
1022 2917 1123 2984 curiae
1147 2918 1287 2985 firmiter
1309 2921 1361 2984 in-

305 3014 469 3096 ¹bibemus,
492 3021 535 3093 ct,
557 3037 616 3101 per
637 3036 706 3094 vos,
729 3016 881 3081 omnibus
903 3017 976 3082 aliis
999 3016 1118 3104 quibus
1139 3019 1196 3105 jus
1218 3020 1363 3088 inhiberi

313 3117 418 3204 exigit
454 3123 489 3186 et
522 3117 697 3204 permittit,
727 3117 870 3183 inhiberi
905 3119 1057 3184 volumus
1086 3126 1121 3187 et
1157 3123 1362 3200 mandamus,

312 3240 363 3296 ne,
392 3219 556 3305 pendente
594 3218 631 3284 in
666 3219 756 3284 dicta
794 3219 884 3285 curia
913 3220 1103 3307 hujusmodi
1130 3225 1362 3311 appellationis

313 3341 417 3399 caum,
449 3319 624 3406 quicquam
649 3320 683 3384 in
706 3319 811 3406 partis
833 3320 1032 3407 appellantis
1056 3324 1284 3409 praejudicium
1311 3332 1363 3393 at-

313 3422 450 3488 tentetis
481 3442 540 3486 seu
571 3425 750 3502 attentent,
781 3422 920 3503 faciatis,
944 3424 999 3488 val
1028 3423 1162 3503 faciant,
1194 3449 1252 3512 per
1282 3429 1364 3494 alios
1432 3455 1434 3458 ·

314 3522 559 3610 quomodolibet
589 3523 759 3601 attentari,
782 3523 959 3609 quominus
989 3524 1247 3610 appellationem
1269 3549 1363 3594 suam

313 3624 413 3690 bbere
435 3624 589 3711 prosequi
610 3623 728 3704 valeat,
750 3629 791 3690 ut
814 3624 984 3705 intendit;
1015 3626 1165 3708 citantes,
1189 3650 1247 3694 sau
1268 3630 1365 3696 citari

313 3725 480 3806 facientes,
503 3724 720 3791 nihilominus
748 3727 968 3813 peremptorie
999 3733 1126 3814 partem
1157 3731 1365 3819 appellatam,

315 3826 405 3912 quod
436 3832 620 3915 compareat
654 3849 763 3894 coram
791 3827 895 3907 nobis,
923 3828 978 3894 vel
1000 3831 1222 3900 commissario
1251 3841 1365 3901 nostro

315 3927 469 4015 generali,
500 3928 536 3992 in
572 3929 687 4015 majori
724 3930 857 3996 ccclesia
881 3929 1098 4012 ‚Eboracensi
1136 3933 1190 3999 die
1228 3935 1367 4002 Sabbati

316 4028 467 4118 proxima
487 4036 562 4116 post
583 4030 792 4096 Dominicam
822 4051 889 4117 qua
918 4038 1070 4098 cantatur
1107 4034 1240 4115 “Quasi
1270 4038 1367 4104 modo

318 4139 335 4168 “
345 4131 479 4220 geniti,''
491 4134 529 4197 in
543 4132 704 4218 praedicta
717 4132 947 4219 appellationis
961 4154 1058 4199 causa
1072 4155 1269 4220 processura,
1286 4139 1369 4204 ulte·

316 4237 449 4321 riusque
485 4233 613 4300 factura
643 4239 678 4300 et
715 4237 888 4320 receptura
917 4233 1006 4319 quod
1032 4235 1168 4320 justitia
1205 4240 1366 4308 suadebit.

317 4337 363 4401 Et
384 4357 443 4400 vos
471 4334 596 4400 ibidem
621 4335 792 4414 intersitis,
824 4335 852 4398 si
876 4339 988 4399 vestra
1017 4335 1172 4402 videritis
1201 4339 1368 4408 interesse.

318 4439 369 4504 De
399 4439 453 4503 die
488 4458 568 4502 vero
598 4437 795 4522 receptionis
821 4437 1036 4524 praesentium
1068 4438 1163 4504 vobis
1199 4439 1304 4522 factas,
1335 4449 1369 4509 et

317 4540 398 4624 quid
407 4539 595 4605 faciendum
611 4537 773 4616 duxeritis
788 4537 825 4602 in
840 4537 1025 4624 praemissis,
1039 4540 1141 4620 nobis,
1152 4542 1204 4607 vel
1219 4547 1369 4612 commis-
1485 4605 1489 4614 .

317 4641 402 4708 sario
423 4644 545 4719 nostro,
569 4639 775 4706 adeundam
798 4640 885 4706 diem
910 4640 1048 4708 Sabbati
1071 4649 1219 4712 constare
1241 4646 1369 4716 faciatis
