3562 5710
427 780 514 844 1050
611 791 809 844 sacramur
832 791 1033 842 amamur
1055 791 1296 842 nuanuuarsn.

270 993 392 1040 clv-1³1⁵·
429 981 589 1060 volumus,
604 1002 663 1069 per
678 985 804 1047 vestras
819 983 969 1067 patentes
991 980 1112 1056 literas,
1130 1001 1205 1065 quae
1219 979 1337 1046 hanam
1359 981 1642 1046 senemmnaas

425 1088 671 1172 repraesentent
718 1083 841 1170 Vaiete.
887 1081 1012 1148 Datum
1044 1082 1133 1168 apud
1165 1081 1311 1160 Richale,
1340 1083 1475 1170 xxviijo.

424 1188 478 1254 die
500 1187 680 1267 Februarii,
703 1187 955 1253 consecrationis
976 1189 1098 1252 nostrae
1119 1205 1208 1251 anno
1230 1189 1354 1271 quarto.

635 1333 699 1398 Per
725 1333 815 1398 istud
845 1334 944 1399 breve
974 1334 1145 1399 convocari
1175 1333 1309 1400 fecimus
1334 1333 1475 1399 seniores

593 1441 627 1501 et
649 1436 862 1513 discretiores,
886 1441 956 1501 tam
978 1435 1144 1522 religiosos
1167 1456 1267 1521 quam
1281 1435 1362 1502 alios
1386 1437 1475 1502 viros

424 1538 665 1616 ecclesiasticos,
704 1539 808 1604 totius
840 1543 961 1605 nostrae
998 1539 1147 1604 dioecesis
1185 1539 1222 1602 in
1259 1539 1474 1605 multitudine

425 1642 564 1728 copiosa,
580 1646 621 1719 et,
638 1662 736 1728 super
757 1641 905 1707 articulis
928 1642 964 1705 in
987 1641 1080 1706 brevi
1102 1641 1266 1708 contentis
1284 1641 1474 1728 juramento

326 1410 359 1442 ¹0·
421 1399 568 1452 Mutuum.

423 1743 577 1830 primitus
600 1744 757 1830 praestito,
772 1744 816 1809 ab
835 1744 957 1808 eisdem
973 1743 1097 1830 inquiri
1121 1743 1257 1810 fecimus
1279 1743 1474 1832 diligentem

423 1847 479 1933 qui
496 1845 619 1926 dicunt,
635 1845 673 1908 in
688 1846 815 1910 virtute
834 1845 1029 1912 sacramenti
1051 1845 1201 1932 praestiti,
1217 1845 1307 1931 quod
1321 1846 1473 1911 dominus

424 1947 599 2028 Antonius,
625 1947 856 2013 Dunolmensis
887 1949 1065 2035 episcopus,
1088 1948 1210 2012 dictam
1232 1948 1392 2014 decimam
1414 1970 1473 2035 per

423 2072 497 2116 suos
523 2049 662 2138 collegit,
688 2072 747 2137 pro
779 2071 817 2116 eo
849 2051 936 2137 quod
960 2051 1094 2115 celebris
1125 2049 1291 2115 memoriae
1321 2050 1472 2134 dominus

424 2153 616 2230 Edwardus‚
648 2159 741 2239 pater
778 2153 904 2219 domini
941 2153 1047 2217 nostri
1084 2153 1170 2240 regis
1206 2173 1303 2230 nunc,
1339 2153 1473 2220 nomine

423 2276 650 2341 expensarum,
667 2276 748 2340 quas
771 2254 893 2322 fecerat
914 2254 951 2318 in
965 2276 1084 2342 guerra
1106 2275 1166 2320 sua
1188 2253 1319 2336 Samiae,
1335 2255 1472 2319 eandem

422 2357 486 2422 sibi
501 2357 661 2423 decimam
681 2361 881 2422 concesserat
894 2357 1046 2444 gratiose,
1062 2357 1119 2421 sed
1134 2360 1295 2443 quantum
1310 2356 1470 2444 ignorant.

423 2457 467 2522 Et
490 2459 614 2536 dicunt,
636 2458 723 2544 quod
750 2479 810 2523 nec
833 2458 920 2545 prior
953 2480 1013 2524 nec
1043 2459 1290 2545 praedecessores
1321 2459 1380 2535 sui,
1412 2480 1473 2525 nec

422 2560 526 2648 aliqui
563 2561 696 2627 nomine
734 2582 854 2638 eorum,
888 2560 1014 2646 aliquid
1047 2561 1089 2625 de
1122 2560 1212 2626 dicta
1245 2559 1372 2625 decima
1409 2561 1472 2625 eol·

419 2663 577 2750 legerunt.

254 2853 385 2914 phem
423 2856 504 2906 Breve
516 2869 561 2919 pro
578 2855 688 2904 Roberto
779 2809 972 2890 Edwardus,
1004 2809 1068 2876 Dei
1101 2810 1301 2897 gratiaram
1331 2810 1472 2898 Angliae,

253 2905 370 3000 {mos
424 2924 456 2973 ce
472 2922 689 3001 nverynghenet
722 2911 874 2977 dominus
904 2911 1083 2994 Hiberniae,
1116 2917 1150 2978 et
1179 2913 1250 2978 dux
1271 2913 1472 3000 Aquitaniae,

254 3005 380 3108 {eppa
423 2989 592 3039 imm*
609 3001 671 3050 ⁰³³⁸·
721 3011 904 3078 veneream
942 3015 978 3079 an
1016 3014 1147 3081 cums
1188 3016 1286 3102 patri,
1322 3016 1471 3094 siano,

254 3105 364 3216 {iffi
425 3117 540 3183 eadem
573 3115 689 3202 gratia,
722 3114 940 3181 Dunolmensi
975 3117 1132 3204 episcopo,
1167 3117 1317 3183 salutem.
1387 3117 1471 3184 Oum

254 3207 313 3250 '¹¹⁰‘
423 3217 558 3284 celebris
595 3216 760 3283 memoriae
791 3216 943 3282 dominus
976 3219 1169 3300 Edwardus‚
1208 3220 1376 3305 quondam
1414 3243 1472 3286 rex

422 3319 562 3408 Angliae,
584 3324 678 3406 pater
699 3323 817 3398 noster,
837 3319 965 3385 dudum
979 3321 1176 3407 assignasset
1196 3321 1408 3388 Marmaduco
1431 3323 1472 3388 de

423 3423 554 3510 Tweng'
578 3426 612 3488 et
634 3421 744 3488 Luciae
767 3422 864 3489 uxori
886 3422 964 3508 ejus,
988 3424 1045 3487 uni
1069 3443 1217 3488 sororum
1239 3430 1275 3489 et
1303 3424 1472 3490 haeredum

423 3525 513 3592 Patri
536 3526 577 3590 de
600 3524 684 3588 Brus
702 3523 856 3602 defuncti,
875 3525 933 3609 qui
955 3525 997 3590 de
1018 3525 1089 3611 ipso
1112 3531 1206 3611 patre
1227 3532 1340 3592 nostro
1362 3529 1480 3592 tenuit·

424 3629 459 3692 in
482 3627 587 3713 capite
610 3626 743 3691 feodum
766 3626 858 3704 illud,
877 3625 966 3711 quod
989 3625 1153 3694 Robertus
1171 3628 1213 3694 de
1236 3629 1323 3694 Brus
1345 3629 1472 3696 dudum

422 3729 597 3795 defunctus
619 3728 729 3792 tenuit
752 3728 793 3792 de
816 3726 961 3794 Waltero
983 3729 1024 3793 de
1055 3728 1299 3816 Faucomberge
1321 3729 1358 3795 in
1387 3733 1472 3798 Her-

422 3836 560 3910 tenesse,
584 3834 618 3896 et
635 3830 723 3916 quod
746 3830 834 3896 idem
849 3830 1014 3896 Waiterus
1036 3831 1147 3897 tenuit
1169 3832 1209 3898 de
1233 3832 1366 3899 domino
1389 3834 1473 3920 R[o-

428 3932 548 4020 berto],
572 3938 653 4000 tunc
675 3931 825 4019 episcopo
848 3931 1071 4012 Dunolmensi‚
1094 3935 1328 4021 praedecessore
1355 3942 1475 4014 vestre,

425 4036 461 4100 in
491 4039 619 4122 partem
642 4035 806 4122 propartis
828 4034 916 4122 ipsos
946 4035 1167 4124 contingentis
1183 4036 1230 4103 de
1252 4037 1356 4104 feodis
1386 4031 1473 4103 miii·

424 4145 498 4206 tum
532 4159 606 4224 quaa
639 4137 774 4203 firerunt
806 4137 956 4224 praedicti
979 4138 1078 4216 Petri,
1113 4138 1168 4204 die
1201 4161 1270 4226 quo,
1300 4139 1385 4206 obiit
1397 4166 1405 4222 ;
1438 4145 1474 4207 et

425 4240 635 4308 mandaverit
666 4239 771 4306 eidem
801 4241 1028 4326 predecessori
1062 4245 1181 4321 vestro,
1212 4242 1300 4328 quod
1329 4243 1474 4329 praefatis

426 4343 638 4409 Marmadueo
660 4347 694 4408 et
717 4342 827 4409 Luciae
847 4341 979 4408 feodum
999 4343 1084 4409 iilud
1105 4343 1270 4422 liberaret,
1293 4345 1470 4411 tenendum

423 4446 524 4532 juxta
552 4447 691 4513 formam
720 4445 951 4533 assignationis
981 4445 1029 4512 eis
1058 4446 1137 4512 inde
1165 4446 1270 4529 factae,
1294 4447 1389 4526 sicut,
1417 4470 1475 4535 per

425 4549 661 4636 inspectionem
682 4548 866 4616 rotulorum
882 4547 1091 4616 cancellariae
1113 4548 1216 4636 ipsius
1238 4549 1341 4637 patris
1357 4551 1472 4632 nostri,
