3538 5712
407 797 492 862 1154
581 809 780 862 anarsramr
802 807 1006 860 saramania
1028 809 1271 861 nnumnnusr.

252 1011 374 1058 annu.
402 1016 555 1081 personas
578 995 673 1060 vobis
699 993 907 1061 succedentes
931 995 1053 1061 debitis
1075 997 1278 1082 temporibus
1300 997 1631 1084 eligaturaaspsnsr.

403 1119 443 1164 ac
465 1097 562 1162 nobis
585 1103 620 1161 et
641 1098 879 1163 successoribus
901 1097 1022 1162 nostris
1045 1099 1199 1164 canonice
1221 1105 1448 1184 praesentetur,

403 1221 516 1265 curam
539 1199 723 1264 animarum
746 1199 782 1264 in
813 1199 910 1265 dictis
933 1200 1131 1265 monasterio
1153 1205 1188 1286 et
1209 1201 1367 1266 beneflcio
1389 1201 1449 1265 im-

402 1302 583 1368 minentem
607 1301 745 1366 anobis
776 1306 811 1365 et
843 1302 963 1370 nostris
986 1302 1221 1367 successoribus
1251 1308 1448 1388 recepturus,

401 1425 542 1490 pernes
565 1408 600 1468 et
622 1423 818 1468 successores
840 1409 968 1468 nostros
990 1403 1120 1480 exinde,
1142 1425 1217 1468 cnm
1240 1404 1346 1489 culpae
1368 1425 1448 1490 qua-

401 1507 478 1572 litas
507 1505 569 1570 hoc
591 1506 746 1590 exegerit,
769 1505 994 1584 amovendus;
1024 1505 1081 1589 qui
1112 1504 1217 1590 ipsam
1239 1527 1351 1570 curam
1373 1527 1447 1570 cum

401 1607 465 1672 sibi
488 1607 659 1672 commissa
691 1605 801 1682 suerit,
824 1606 964 1670 sollicite
986 1627 1155 1691 peragens,
1177 1606 1219 1671 de
1248 1607 1343 1670 bonis
1365 1607 1447 1672 dicti

401 1698 599 1786 monasterii,
628 1708 714 1772 sicut
737 1707 887 1792 magistri
912 1708 982 1771 sive
1005 1711 1145 1772 rectores
1170 1708 1341 1773 retroactis
1363 1715 1447 1772 tem-

400 1809 537 1896 poribus
560 1809 741 1874 sustentari
774 1814 1013 1874 consueverant
1041 1809 1079 1873 in
1102 1810 1218 1874 eodem
1240 1812 1447 1887 monasterio,

401 1933 459 1997 per
481 1933 541 1977 vos
565 1915 600 1976 et
627 1930 784 1996 personas
811 1909 908 1975 vobis
922 1911 1142 2000 succedentes,
1164 1911 1378 1977 condecenter
1411 1913 1446 1977 in

400 2014 552 2078 omnibus
586 2014 796 2089 sustentetur,
819 2011 904 2074 nihil
937 2012 1069 2098 penitus
1091 2012 1181 2077 ultra
1202 2034 1294 2078 suam
1317 2019 1446 2080 susten-

400 2116 568 2192 tationem,
577 2134 637 2179 suo
652 2112 758 2178 statui
772 2119 1016 2200 congruentem,
1031 2120 1066 2178 et
1083 2113 1293 2202 [secundnm]
1311 2117 1444 2181 modum

399 2222 593 2284 consuetum
618 2214 806 2300 antiquitus
828 2237 849 2282 a
870 2215 966 2280 vobis
991 2215 1045 2280 vel
1066 2216 1159 2281 vobis
1197 2218 1445 2282 succedentibus

399 2319 586 2404 aliqualiter
609 2322 793 2382 exacturus.
839 2317 882 2380 In
904 2338 1043 2402 quorum
1058 2319 1296 2396 testimonium,
1310 2319 1371 2384 has
1389 2320 1444 2384 lit-

398 2425 486 2487 teras
501 2425 630 2484 nostras
645 2423 797 2505 patentes
811 2417 906 2484 vobis
920 2419 992 2484 fieri
1007 2419 1153 2498 fecimus,
1169 2423 1203 2485 et
1217 2421 1317 2507 sigilli
1338 2422 1442 2485 nostri

398 2523 597 2610 appensione
619 2520 750 2586 muniri.
797 2520 921 2585 Datum
947 2521 1114 2598 Dunolmi,
1140 2521 1237 2586 nonis
1264 2521 1443 2598 Februarii,

398 2645 484 2689 enno
501 2621 626 2688 Gratiae
649 2621 821 2686 millesimo
843 2622 1070 2688 trecentesimo
1092 2623 1272 2700 undecimo,
1294 2628 1330 2689 et
1363 2647 1442 2711 pon-

396 2725 543 2792 tificatus
564 2723 670 2788 nostri
692 2723 805 2808 primo.

257 2968 276 3089 4
396 2962 607 3094 tibilim
629 2965 661 3012 ‘¹²
694 2926 1442 3121 m,illitatillllltffllllli

228 3109 242 3140 ⁰
284 3109 360 3190 ulma
395 3134 504 3194 sentes
526 3129 632 3195 literae
647 3131 868 3216 pervenerint,
884 3132 1023 3198 salutem
1039 3133 1075 3197 in
1090 3135 1241 3202 Domino.
1273 3137 1442 3202 Noveritis

245 3208 266 3274 ⁰-
282 3219 336 3290 αι’
395 3252 454 3295 nos
485 3231 621 3310 dedisse,
645 3235 848 3312 concessisse,
873 3240 907 3300 et
934 3233 996 3299 hac
1019 3238 1173 3320 praesenti
1202 3243 1293 3304 carta
1330 3245 1441 3304 nostra

395 3333 610 3412 confirmasse,
627 3335 761 3404 Thomas
777 3339 818 3404 de
834 3337 1059 3423 Graystaynes
1075 3339 1115 3403 de
1131 3339 1279 3421 Morton',
1295 3342 1441 3428 quinque

394 3435 588 3521 messuagio,
604 3439 824 3526 quadraginta
836 3444 871 3503 et
885 3439 1031 3524 quinque
1052 3461 1143 3505 acras
1162 3446 1268 3521 terrae,
1284 3447 1319 3507 et
1339 3465 1439 3507 unam

394 3557 503 3602 aeram
518 3538 618 3621 prati,
634 3541 936 3626 compertinentiis,
956 3541 992 3604 in
1007 3541 1148 3606 Morton'
1158 3542 1259 3628 juxta
1269 3544 1440 3629 Kyllerby,

393 3657 467 3721 quaa
490 3638 653 3723 quondam
671 3640 806 3706 bierunt
819 3642 937 3727 prioris
954 3643 994 3706 de
1009 3643 1231 3728 Tynemuth’;
1252 3644 1440 3712 habendum

394 3743 430 3802 et
452 3741 633 3805 tenendum
649 3742 756 3807 eidem
779 3743 914 3809 Thomae
936 3748 971 3808 et
992 3742 1178 3809 haeredibus
1201 3747 1268 3811 suis
1283 3749 1441 3834 praedicta

393 3845 590 3920 tenemento,
613 3863 687 3908 cum
711 3843 863 3909 omnibus
885 3844 952 3908 suis
976 3845 1195 3931 pertinentiis,
1217 3847 1259 3913 dc
1281 3850 1377 3914 nobis
1405 3857 1440 3917 et

393 3943 628 4008 successoribus
662 3944 823 4031 [nostris],
844 3968 903 4033 per
939 3948 1115 4013 servitium·
1141 3951 1314 4018 tricesimae
1336 3955 1439 4038 partis

393 4044 480 4108 feodi
502 4045 602 4110 unius
624 4046 749 4124 militis,
772 4052 806 4112 et
828 4049 993 4113 reddendo
1015 4049 1110 4114 nobis
1136 4057 1170 4114 et
1204 4055 1438 4120 suecessoribus

392 4146 514 4211 nostris
547 4147 720 4220 annuatim
754 4154 894 4234 quatuor
927 4149 1027 4215 libras
1061 4156 1097 4215 et
1117 4151 1288 4220 duodecim
1311 4156 1438 4234 solidos,

393 4247 435 4311 ad
458 4247 539 4311 duos
569 4249 649 4313 anni
680 4251 845 4329 terminos,
878 4251 1039 4331 videlicet,
1061 4254 1104 4318 ad
1126 4253 1210 4321 festa
1232 4257 1438 4325 Pentecostes

393 4353 428 4412 et
451 4348 565 4414 Sancti
581 4349 718 4414 Martini
741 4351 776 4415 in
793 4351 921 4431 Hieme,
945 4375 1003 4440 per
1025 4357 1165 4441 aequales
1188 4359 1362 4443 portiones,
1378 4383 1437 4446 pro

393 4450 544 4514 omnibus
559 4450 633 4514 aliis
655 4452 808 4520 servitiis.
853 4453 897 4518 In
913 4454 1006 4540 cujus
1028 4457 1076 4521 rei
1098 4459 1334 4540 testimonium,
1350 4464 1436 4548 parti

391 4551 490 4633 hujus
504 4553 617 4637 scripti
633 4553 797 4619 indentcti
812 4577 912 4641 penes
926 4556 1052 4623 dictum
1075 4559 1232 4626 Thomam
1255 4566 1436 4630 remanenti

391 4653 533 4738 sigillum
558 4660 707 4720 nostrum
730 4657 886 4722 duximus
909 4662 1148 4745 apponendum,
1172 4669 1206 4728 et
1228 4665 1323 4732 alteri
1348 4669 1437 4753 parti
