3566 5712
387 831 472 894 1024
562 841 760 894 andrunnun
783 839 984 892 ermmuuu
1007 837 1248 890 nuunnnmsn

235 1039 290 1085 M³·
299 1041 356 1084 1³1t
384 1029 474 1096 tibus
496 1028 628 1094 ballivae
651 1027 815 1114 praedietae
838 1025 982 1113 plenarie
997 1023 1215 1110 persolvisset
1227 1047 1235 1103 ;
1258 1022 1346 1087 idem
1369 1019 1428 1086 Jo-
1444 1031 1603 1086 masinae

385 1131 511 1196 hannes
533 1131 574 1194 de
596 1129 812 1216 Derlyngton,
834 1149 902 1192 non
924 1126 1092 1192 satisfacto
1111 1125 1200 1192 dieto
1222 1123 1368 1189 Roberto
1391 1123 1431 1186 de

385 1232 482 1298 dietis
514 1231 733 1318 quadraginta
763 1229 889 1308 mercis,
922 1249 983 1296 nee
1004 1230 1196 1313 computato
1230 1245 1307 1291 eum
1329 1247 1368 1290 eo
1390 1225 1431 1288 de

385 1339 531 1421 tempore
563 1353 629 1419 quo
660 1332 768 1397 locum
791 1352 886 1396 suum
917 1329 954 1394 in
985 1328 1109 1396 bellive
1131 1327 1290 1414 praedicte
1312 1325 1430 1402 tenuit,
1485 1395 1490 1402 ,
1536 1350 1542 1364 ¹

386 1440 421 1500 et
443 1435 552 1500 exitus
575 1434 721 1519 ejusdem
744 1433 873 1520 recepit,
896 1430 1059 1496 malitiose
1081 1451 1115 1495 se
1135 1429 1311 1506 subtraxit,
1334 1427 1432 1492 etad

385 1537 572 1604 libertatem
594 1541 740 1601 vestram
762 1534 1029 1613 Dunolmensem,
1045 1553 1121 1600 eum
1144 1531 1239 1597 bonis
1255 1535 1289 1596 et
1303 1529 1431 1596 catallis

385 1637 461 1716 suis,
493 1637 692 1726 confugiens,
731 1636 818 1702 infra
852 1637 988 1702 eandem
1025 1656 1150 1700 moram
1172 1632 1335 1720 pertrahit
1357 1630 1431 1696 leti-

385 1740 496 1818 tando,
528 1760 586 1825 per
619 1738 706 1825 quod
738 1738 827 1804 idem
863 1738 1026 1804 Robertus
1046 1737 1218 1822 hueusque
1240 1733 1432 1821 praedictam

385 1841 557 1929 pecuniam
579 1845 614 1907 et
635 1841 671 1906 id
703 1841 800 1926 quod·
823 1841 931 1907 dietus
964 1839 1134 1906 «iohannes
1164 1839 1206 1902 de
1228 1835 1433 1922 Derlington'

386 1943 427 2010 de
450 1941 617 2030 praedietis
640 1942 784 2008 exitibus
807 1941 854 2009 sie
875 1941 1006 2028 recepit,
1020 1961 1210 2027 recuperare
1232 1959 1299 2004 non
1314 1935 1432 2025 potuit,

385 2065 445 2110 nee
466 2041 562 2110 nobis
584 2044 625 2110 de
647 2043 779 2110 ballivae
802 2064 869 2110 sune
892 2042 1057 2129 praedietae
1080 2041 1224 2108 exitibus
1239 2039 1433 2128 respondere

386 2147 592 2228 sufficienter,
630 2152 669 2212 ut
707 2147 848 2228 deberet,
881 2146 918 2210 in
954 2145 1061 2232 nostri
1098 2150 1132 2210 et
1163 2143 1266 2230 ipsius
1296 2140 1433 2207 Roberti

386 2249 596 2336 dispendium
626 2269 695 2314 non
717 2248 892 2329 modicum,
915 2250 950 2312 et
967 2247 1141 2332 jacturam,
1164 2245 1251 2312 sieut
1272 2265 1315 2309 ex
1338 2242 1430 2307 testi-

385 2351 496 2417 monio
519 2349 700 2437 recepimus
731 2349 903 2437 fidedigno.
950 2349 995 2414 Et
1028 2349 1107 2434 quia
1138 2351 1207 2412 tam
1238 2368 1297 2432 pro
1319 2349 1433 2410 nostra

385 2441 484 2541 qu'am
500 2453 613 2540 ipsius,
628 2453 773 2532 Roberti
789 2451 1007 2517 indemnitate
1022 2451 1058 2516 in
1072 2450 1135 2517 hee
1146 2453 1238 2537 parte
1252 2447 1434 2514 remedium

385 2556 506 2642 apponi
528 2556 680 2621 volumus
711 2559 932 2642 opportunum
944 2578 953 2635 3
983 2553 1078 2618 vobis
1111 2552 1313 2631 mandemus,
1336 2549 1432 2635 quod,

385 2661 502 2726 vocato
539 2658 677 2743 praefato
713 2655 866 2723 Johsnne
889 2656 930 2720 de
952 2654 1160 2742 Derlyngten
1198 2674 1307 2720 eoram
1330 2651 1433 2727 vobis,

384 2759 607 2845 inquisitaque
636 2759 677 2824 de
715 2757 898 2850 praemissis‚
927 2756 956 2822 si
994 2777 1123 2826 neeesse
1159 2755 1268 2835 fuerit,
1305 2755 1435 2842 plenius

348 2883 350 2888 ·
383 2861 532 2938 veritate,
556 2861 584 2926 si
607 2860 800 2926 inveneritis
822 2859 991 2947 praemissa
1013 2881 1094 2926 vera
1116 2880 1193 2938 esse,
1216 2864 1298 2928 tune
1319 2858 1428 2943 ipsum
1514 2923 1518 2930 ,

383 2962 569 3028 Johannem
601 2963 642 3028 de
677 2961 904 3050 Derlyngton'‚
935 2983 973 3029 ae
1004 2961 1114 3028 omnia
1148 2962 1235 3027 bona
1257 2966 1292 3027 et
1314 2959 1432 3026 catalla

384 3085 450 3144 sua,
473 3064 561 3130 infra
593 3063 779 3129 libertatem
812 3070 956 3132 vestram
986 3065 1178 3152 praedictam
1209 3063 1356 3142 inventa,
1379 3083 1430 3126 ar·

383 3166 500 3232 restari
529 3167 667 3245 faciatis,
692 3187 861 3254 quousque
893 3167 999 3232 eidem
1022 3167 1167 3234 Roberto
1181 3170 1250 3232 tam
1275 3167 1316 3232 de
1331 3164 1429 3232 dietis

273 3291 275 3298 ⁴
325 3305 327 3310 ·
384 3269 603 3357 quadraginta
625 3269 752 3350 mareis,
773 3291 833 3357 pro
863 3269 1057 3338 liberatione
1079 3269 1161 3336 dieti
1191 3269 1356 3335 Johennis
1386 3267 1426 3332 de

328 3377 332 3386 ‘
384 3371 598 3460 Derlington’,
622 3376 663 3437 ut
694 3372 901 3451 dictumest,
933 3371 1058 3456 solutis,
1082 3393 1181 3458 quam
1215 3373 1256 3437 de
1279 3375 1428 3457 compoto

384 3495 444 3540 suo
465 3475 624 3562 praedieto
646 3475 688 3540 de
709 3479 935 3562 temporeque
957 3473 993 3539 in
1009 3473 1132 3540 bellive
1147 3473 1304 3562 praedicte
1319 3473 1426 3540 locum

385 3576 532 3662 ejusdem
564 3576 700 3643 Roberti
734 3580 850 3643 tenens
880 3575 954 3654 fuit,
989 3580 1023 3643 et
1046 3582 1194 3663 receptor
1224 3576 1432 3642 denariorum
1492 3564 1493 3567 '

385 3701 519 3766 suorum
533 3679 665 3758 ibidem,
681 3684 778 3766 prout
793 3679 879 3744 idem
896 3678 1060 3745 Robertus
1074 3699 1183 3745 eoram
1205 3678 1300 3744 vobis
1316 3677 1428 3743 docere

386 3780 516 3868 poterit,
555 3781 729 3866 praedietae
759 3780 978 3868 quadraginta
1009 3803 1139 3848 mareas
1168 3780 1233 3846 sibi
1255 3779 1374 3859 deberi,
1399 3784 1433 3843 et

385 3882 495 3969 ipsum
523 3881 711 3949 iohannem
748 3882 789 3947 de
812 3881 1017 3970 Derlington'
1040 3883 1083 3949 ed
1121 3887 1310 3970 compotum
1348 3903 1432 3969 prae·

387 3984 513 4051 dietum
544 3985 649 4051 teneri
679 3983 823 4071 plenarie
855 3984 957 4050 fuerit
979 3985 1194 4052 satisfactum.
1240 3984 1338 4050 Teste
1360 4001 1427 4048 me·

386 4085 467 4173 ipso,
482 4087 571 4173 apud
593 4087 784 4166 Eboracum,
806 4087 888 4173 xvjo.
912 4086 965 4154 die
988 4086 1200 4174 Septembris,
1223 4107 1311 4153 anno
1333 4086 1426 4174 regni

386 4189 491 4256 nostri
513 4194 638 4258 octavo.

219 4403 351 4498 &illm
386 4434 470 4486 Breve
501 4429 567 4502 regis
595 4447 649 4497 pro
727 4391 919 4469 Edwardus,
950 4391 1014 4458 Dei
1047 4393 1163 4480 matie,
1197 4415 1256 4460 rex
1288 4395 1427 4482 Anglira

219 4505 334 4607 ffiprp
386 4501 493 4581 Riqardo
511 4501 563 4549 filio
580 4500 650 4550 war·
683 4495 834 4560 dominus
865 4493 1045 4574 Hiberniae,
1068 4501 1102 4560 et
1131 4497 1202 4562 dux
1231 4496 1430 4584 Aquiteniae,

219 4607 294 4650 mot
386 4565 628 4620 tendeHerelord’.
1432 4579 1438 4593 '

219 4654 345 4756 iiim
387 4700 500 4769 eadem
514 4701 628 4789 gratia,
645 4700 793 4786 episeopo
808 4698 1032 4779 Dunolmensi,
1048 4700 1194 4769 salutem.
1234 4701 1287 4768 m
1301 4701 1433 4789 querela

683 4596 863 4662 venerabili
900 4596 937 4662 in
975 4596 1106 4686 Ohristo
1144 4599 1240 4684 patri,
1279 4597 1427 4676 Ricard0,
