3562 5710
417 802 504 866 1060
596 809 1016 863 rno1srruursnur1ruu
1040 805 1282 858 oossnunnsn

265 1009 321 1055 A-D·
329 1011 388 1052 1⁸1⁵»
416 999 529 1067 dilecti
551 1007 586 1066 et
607 997 714 1064 fidelis
735 996 850 1074 nostri,
866 995 1003 1062 Walteri
1019 996 1060 1060 de
1083 993 1319 1079 Feueunberge
1341 990 1636 1077 recepi-sums

417 1122 499 1180 mus,
516 1101 738 1166 continentem
761 1098 859 1184 quod,
875 1119 948 1162 eum
970 1096 1121 1164 custodis
1134 1093 1272 1161 manerii
1294 1092 1336 1158 de
1350 1091 1465 1169 Herte,

418 1224 493 1269 eum
516 1201 668 1268 omnibus
697 1199 741 1266 ad
769 1198 952 1264 manerium
980 1197 1064 1262 illud
1094 1195 1365 1284 qualitercunque
1393 1215 1466 1281 per-

418 1304 611 1382 tinentibus,
634 1303 723 1368 infre
748 1301 934 1368 libertatem
968 1305 1113 1366 uestrum
1127 1298 1402 1374 Dunolmensem‚
1422 1297 1466 1362 ed

418 1405 595 1494 praefstum
634 1404 816 1471 Wnlterum
851 1403 1024 1488 pertineat,
1062 1421 1165 1486 usque
1203 1401 1246 1465 sd
1283 1399 1466 1486 legitimam

419 1512 552 1572 aetstem
574 1505 713 1571 haeredis
747 1503 882 1570 Roberti
916 1504 956 1568 de
990 1501 1145 1578 clifford,
1177 1523 1215 1566 eo
1260 1501 1348 1586 quod
1379 1500 1467 1568 idem

419 1607 584 1672 Robertus
617 1605 800 1673 manerium
834 1604 926 1682 illud,
949 1626 1023 1670 eum
1060 1601 1279 1690 pertinentiis,
1310 1601 1351 1666 de
1396 1601 1468 1687 ipso

335 1793 338 1798 Ι
396 1707 565 1774 ›Woltero
580 1707 691 1773 tenuit
712 1729 771 1794 per
785 1707 957 1772 servitium
980 1703 1132 1784 militare,
1147 1723 1214 1782 vos,
1229 1703 1470 1790 praetendentes

419 1809 601 1876 custodis-m
624 1807 715 1874 illem
737 1807 780 1874 ed
803 1827 861 1872 vos
882 1805 980 1874 eertis
999 1804 1182 1871 rationibus
1202 1805 1374 1891 pertinere,
1399 1825 1471 1872 eum

420 1910 526 1976 eidem
556 1908 702 1975 Wnltero
733 1907 880 1973 indebite
913 1907 1109 1984 detorsistis,
1132 1912 1167 1972 et
1196 1906 1283 1985 lieet,
1305 1928 1347 1971 ex
1378 1910 1472 1992 pute

420 2011 567 2096 ejusdem
589 2009 738 2088 wolteri,
760 2009 889 2075 fueritis
911 2009 1033 2096 pluries
1055 2008 1167 2074 debite
1193 2009 1355 2094 requisiti,
1377 2014 1417 2073 ut
1438 2008 1470 2072 ei

414 2112 580 2198 justitiam
613 2111 650 2176 in
684 2110 860 2198 proemissis
893 2110 1071 2177 secundm
1104 2109 1210 2196 legem
1231 2116 1267 2176 et
1299 2115 1472 2176 eonsuetu-

420 2214 532 2278 dinem
554 2213 647 2300 regni
668 2213 782 2290 nostri,
797 2212 869 2276 fieri
890 2211 1060 2291 feceretis3
1082 2211 1118 2276 id
1139 2217 1252 2278 temen
1273 2211 1345 2276 fieri
1366 2211 1473 2277 faeere

421 2314 579 2381 haetenus
610 2313 796 2390 distulistis,
819 2318 854 2377 et
875 2311 983 2378 edhue
1005 2310 1154 2390 differtis,
1176 2312 1286 2378 minus
1304 2313 1404 2398 juste,
1435 2313 1471 2378 in

420 2415 525 2502 ipsius
557 2414 696 2480 Wolteri
727 2415 883 2480 demnmn
915 2434 984 2477 non
1016 2413 1189 2494 modicum,
1213 2420 1248 2478 et
1283 2435 1471 2502 gravamen.

421 2515 468 2581 Et
489 2515 577 2602 quod
592 2515 730 2602 preefeto
744 2514 898 2593 Wolters,
913 2514 975 2594 eui,
998 2515 1084 2582 sieut
1106 2521 1141 2580 et
1162 2515 1288 2580 eaeteris
1310 2516 1352 2580 de
1374 2536 1474 2602 regno

420 2623 540 2695 nostro,
563 2637 675 2682 sumus
706 2616 743 2680 in
774 2615 961 2680 exhibendo
993 2636 1092 2703 super
1125 2617 1302 2702 praemissis
1339 2615 1473 2703 justitie

274 2716 279 2724 “
422 2718 593 2796 debitores,
627 2717 715 2804 quod
743 2718 873 2804 justum
906 2717 1008 2784 fuerit
1049 2717 1121 2782 fieri
1154 2719 1307 2786 volumus
1340 2720 1377 2785 in
1410 2719 1472 2786 hee

423 2825 535 2906 perte;
568 2819 661 2884 vobis
692 2820 886 2886 mandemus
920 2819 1007 2904 quod
1038 2819 1067 2884 si
1097 2819 1147 2885 its
1179 2820 1232 2899 sit,
1254 2826 1335 2886 tune
1366 2821 1471 2886 eidem

294 2913 297 2920 ’
423 2919 570 2985 Woltero
591 2941 689 3006 super
711 2921 824 2986 eedem
847 2921 1002 2999 eustodin,
1025 2921 1096 2986 sine
1117 2921 1283 2987 ulterioris
1304 2921 1473 2990 dilationis

423 3019 637 3102 incommodo,
652 3020 724 3085 fieri
739 3021 868 3087 fecistis
883 3020 1032 3087 debitum
1039 3022 1181 3107 justitise
1190 3023 1472 3110 eomplementum,

423 3125 522 3209 prout
555 3122 597 3186 de
624 3121 710 3207 jure,
734 3128 770 3187 et
799 3123 978 3188 seeundum
1000 3123 1105 3210 legem
1139 3129 1175 3190 et
1204 3126 1472 3192 eonsuetudinem

423 3222 605 3310 praedietes,
636 3221 738 3287 fuerit
768 3222 954 3290 feriendum
966 3248 974 3304 ;
1005 3244 1047 3290 ne
1077 3225 1210 3311 querele
1230 3227 1273 3291 ed
1307 3247 1367 3292 nos
1396 3227 1474 3293 inde

422 3323 595 3410 perveniet
615 3324 743 3400 iterate,
770 3346 828 3410 per
848 3325 946 3411 quod,
968 3327 1004 3392 in
1025 3327 1129 3392 vestri
1152 3327 1325 3405 desertum,
1347 3329 1389 3394 de
1411 3329 1476 3395 elio

425 3425 456 3490 ei
478 3424 515 3490 in
536 3424 599 3492 hee
620 3431 714 3511 perte
736 3426 879 3491 remedio
901 3447 960 3491 nos
983 3434 1135 3514 oporteat
1148 3429 1328 3514 providere.
1375 3429 1474 3496 l'sste

426 3527 559 3612 meipso,
582 3526 673 3612 apud
696 3524 1033 3606 westmonasterium,
1057 3528 1178 3614 xxiiijo.
1212 3528 1267 3595 die
1291 3530 1472 3609 Februarii,

423 3648 512 3692 enno
534 3626 627 3714 regni
648 3627 756 3694 nostri
779 3633 904 3694 ootsvo.

258 3861 389 3956 ΜΨ
425 3869 508 3922 Bm
542 3869 611 3936 Mi,
646 3885 691 3934 pro
769 3826 962 3908 Edwardus,
996 3826 1060 3893 Dei
1092 3830 1209 3916 gretie,
1242 3851 1301 3898 rex
1331 3831 1472 3920 Angliae,

255 3912 403 4057 ffiffi
426 3937 569 4053 Romu
598 3937 692 3988 Sancto
725 3925 877 3992 dominus
908 3925 1088 4007 Hibernire,
1110 3935 1145 3996 et
1167 3931 1238 3996 dux
1270 3933 1471 4019 Aquitaniae,

339 4025 356 4058 ¹·
530 4040 536 4054 ·
727 4026 906 4093 venerabili
943 4028 980 4092 in
1023 4027 1155 4096 Christo
1192 4033 1289 4118 petri,
1322 4033 1472 4117 Biennio,

425 4127 540 4192 eedem
573 4126 689 4213 gretie,
727 4127 885 4215 episeopo·
916 4127 1142 4208 Dunolmensi,
1180 4132 1328 4202 selutem.
1389 4134 1474 4202 Cum

425 4226 528 4292 abbas
555 4233 590 4293 et
606 4234 805 4294 'eonventus
836 4229 878 4294 de
911 4230 1032 4297 Senoto
1062 4233 1193 4299 Albnno
1222 4235 1473 4308 advocationem

426 4328 568 4394 ecelesiae
606 4329 647 4394 de
685 4329 965 4410 Overeoneselive,
999 4333 1039 4398 de
1071 4334 1158 4400 dono
1196 4342 1231 4402 et
1267 4340 1473 4406 concessione

427 4427 570 4494 Gilberti
591 4429 774 4508 Denthsrd,
796 4431 961 4516 quondum
988 4432 1113 4500 domini
1142 4438 1282 4504 manerii
1304 4439 1346 4505 de
1369 4439 1475 4508 Over·

425 4529 615 4610 eoneselive,
638 4534 673 4594 et
705 4532 838 4617 petroni
868 4533 1015 4618 ejusdem
1048 4537 1198 4619 eeelesiee,
1222 4544 1322 4606 etex
1344 4562 1474 4610 eouees-

425 4632 515 4698 sions
546 4636 582 4696 et
614 4630 861 4699 confirmatione
903 4635 1109 4702 diversorum
1151 4637 1320 4708 haeredum
1364 4643 1471 4732 ipsius

262 4713 294 4804 ‘,
426 4729 576 4810 Gilberti,
598 4751 636 4797 ee
658 4731 758 4798 etiem
780 4755 838 4820 per
860 4735 1142 4805 confirmationem
1165 4743 1372 4827 quorundam
1402 4767 1476 4834 pru-
