3570 5718
515 837 714 891 nnorsrsum
737 834 939 887 samrmuu
961 835 1205 887 nunmmnusu
1322 820 1386 884 955

166 1059 213 1106 an
221 1059 324 1114 space,
337 1031 399 1097 tris
431 1031 519 1118 apud
551 1023 887 1105 westmonasterium,
910 1044 932 1087 a
962 1023 1016 1088 die
1050 1023 1184 1089 Paschae
1215 1022 1252 1088 in
1283 1043 1388 1088 unum
1416 1039 1538 1086 6666.

336 1154 492 1211 mensem,
521 1128 715 1218 praedictum
745 1126 939 1213 magistrum
972 1125 1194 1212 Radulphum‚
1229 1124 1315 1190 sicut
1358 1123 1389 1188 ei

337 1235 533 1300 mandatum
554 1231 628 1298 fuit.
688 1229 733 1293 Et
762 1228 884 1294 habeas
905 1225 955 1292 ibi
984 1226 1121 1293 nomina
1142 1225 1331 1314 plegiorum,
1355 1231 1388 1292 et

339 1337 400 1403 hoc
421 1337 530 1402 breve.
575 1332 682 1410 Teste,
707 1335 768 1398 etc.

337 1563 573 1626 1„„,‚,1f„db„„
653 1531 726 1597 Rex
763 1530 949 1598 vicecomiti
993 1529 1199 1610 Eboracensi,
1238 1530 1385 1596 salutem.
1399 1543 1509 1636 666ὴοῖ

336 1633 474 1683 academ.
606 1634 696 1700 Pone
744 1655 803 1719 per
846 1633 981 1699 vadium
1020 1637 1055 1698 et
1100 1632 1207 1698 salvos
1263 1632 1387 1718 plegios
1399 1593 1540 1746 fffflnam

336 1733 522 1815 Ricardum,
554 1736 742 1822 episcopum
773 1735 1037 1814 Dunolmensem,
1062 1734 1111 1799 ita
1144 1734 1233 1818 quod
1266 1733 1388 1797 habeat
1491 1725 1497 1736 '

335 1855 443 1899 coram
460 1835 653 1920 justiciariis
675 1836 804 1913 nostris,
820 1837 907 1922 apud
929 1835 1267 1914 westmonasterium,
1291 1856 1311 1898 a
1334 1833 1388 1898 dio

336 1937 451 2003 Sancti
467 1938 636 2004 Michaelis
658 1938 696 2002 in
718 1959 822 2002 unum
845 1958 999 2016 mensem,
1023 1937 1193 2001 dominum
1223 1937 1388 2024 Rogerum

336 2037 378 2103 de
400 2037 582 2117 Stoketon’,
606 2043 811 2105 executorem
833 2037 1026 2103 testamenti
1057 2038 1206 2123 magistri
1229 2036 1391 2103 Willelmi

339 2141 379 2206 de
402 2138 525 2206 Sancto
547 2142 723 2226 Botulph0,
747 2139 901 2206 clericum
925 2161 1031 2218 suum,
1055 2140 1097 2204 ad
1126 2139 1389 2226 respondendum

339 2241 488 2306 Johanni
519 2243 561 2307 de
584 2242 735 2320 Musters,
763 2241 930 2308 executori
961 2241 1153 2306 testamenti
1184 2240 1321 2305 Henrici
1358 2240 1389 2306 16

337 2343 519 2422 Vavascur,
543 2343 585 2407 de
614 2343 735 2429 placito
758 2343 846 2428 quod
867 2340 946 2428 ipse,
977 2341 1075 2406 simul
1105 2361 1179 2406 cnm
1210 2341 1389 2407 Laurentio

339 2445 380 2510 de
404 2443 563 2510 Holbech'
586 2448 621 2509 et
642 2443 799 2530 magistro
823 2443 966 2508 Roberto
989 2443 1032 2508 de
1054 2443 1202 2521 Baldok’,
1218 2464 1388 2509 coexecu-

337 2546 464 2612 toribus
498 2545 648 2631 praedicti
686 2544 815 2609 domini
850 2543 972 2630 Rogeri
1009 2544 1201 2609 testamenti
1238 2545 1388 2631 praedicti

336 2647 487 2733 magistri
509 2645 676 2724 Willelmi,
705 2646 823 2710 reddat
855 2645 885 2710 ei
917 2645 1057 2733 triginta
1085 2646 1185 2711 libras
1217 2652 1251 2711 et
1281 2647 1339 2732 xij.
1355 2669 1388 2725 a,

337 2771 418 2836 quos
441 2749 471 2814 ei
493 2748 616 2833 injuste
638 2748 774 2825 detinet,
798 2751 839 2812 ut
869 2747 972 2828 dicit;
996 2751 1030 2812 et
1059 2747 1102 2812 ad
1139 2749 1388 2825 ostendendum,
1420 2737 1427 2757 '

336 2873 437 2937 quare
459 2872 526 2916 non
548 2850 667 2916 habuit
695 2870 803 2916 coram
829 2847 1023 2935 justiciariis
1053 2849 1142 2934 apud
1164 2849 1385 2916 Westmonas-

335 2953 466 3029 terium,
489 2975 510 3018 a
532 2952 586 3018 dis
609 2952 743 3017 Paschae
772 2951 809 3015 in
839 2952 985 3037 quinque
1014 2951 1225 3038 septimanas,
1249 2953 1386 3038 praedic·

336 3063 409 3121 tum
432 3057 603 3121 dominum
626 3055 800 3142 Rogerum,
816 3053 967 3119 clericum
990 3075 1096 3136 sunm,
1120 3053 1205 3120 sicut
1227 3056 1266 3133 ci,
1294 3077 1386 3120 man-

336 3159 452 3222 datum
474 3157 545 3222 fuit
578 3157 624 3221 Et
653 3156 773 3222 habeas
803 3155 850 3220 ibi
879 3155 1013 3220 nomina
1044 3155 1234 3242 plegiorum,
1262 3161 1296 3222 et
1325 3158 1387 3222 hoc

335 3260 442 3325 breve.
488 3258 593 3338 Teste,
617 3262 676 3324 cto.

336 3492 550 3559 B„„,„,g„„0
645 3458 836 3535 Edwardus,
858 3456 921 3523 Dei
944 3457 1060 3543 gratia,
1084 3478 1143 3521 rex
1165 3456 1304 3542 Angliae,
1328 3456 1386 3521 do·
1399 3473 1530 3534 mesum

338 3564 430 3616 comita
441 3563 534 3614 Wffl’·
605 3561 714 3626 minus
767 3559 948 3636 Hiberniae,
994 3563 1029 3623 et
1066 3557 1135 3622 dux
1186 3557 1384 3642 Aquitaniae,
1397 3525 1549 3666 6111111111·

336 3664 517 3732 venerabili
554 3665 590 3728 in
628 3662 761 3729 Christo
799 3660 896 3747 patri,
933 3659 1082 3739 Ricardo,
1118 3660 1230 3725 eadem
1268 3659 1385 3747 gratia,
1398 3635 1465 3668 me.

338 3767 487 3853 episcopo
516 3763 742 3841 Dunolmensi,
771 3762 920 3828 salutem.
976 3759 1061 3826 Cum
1091 3782 1204 3848 nuper,
1237 3763 1280 3827 ad
1311 3783 1385 3848 pro·

338 3869 537 3933 secutionem
568 3867 679 3936 dilecti
713 3869 747 3930 et
777 3862 884 3928 fidelis
914 3863 1018 3928 nostri
1050 3862 1209 3928 (luidonis
1231 3863 1273 3928 de
1295 3862 1387 3928 Bello

339 3971 472 4055 Oampo,
502 3967 629 4036 comitis
659 3965 873 4051 Warrewyk',
896 3965 932 4029 in
955 3965 1170 4050 parliamento
1201 3968 1321 4040 nostro,
1344 3963 1386 4028 ad

337 4074 537 4160 quindenam
560 4070 594 4134 N
596 4067 760 4135 ativitatis
783 4067 878 4132 Beati
900 4065 1063 4130 Johannis
1093 4067 1254 4151 Baptistae
1276 4066 1387 4151 proxi-
1416 4117 1418 4122 .

339 4199 393 4243 mo
414 4174 626 4262 6661661666,
641 4193 700 4257 pro
715 4168 828 4235 arduis
843 4167 985 4254 negotiis
1008 4188 1068 4231 nos
1091 4171 1125 4232 et
1148 4171 1271 4234 statum
1294 4170 1387 4255 regni

342 4279 444 4344 nostri
459 4272 734 4362 contingentibus,
749 4269 839 4356 apud
855 4268 1178 4334 westmonasterium
1200 4276 1387 4350 convocato,

339 4399 414 4446 oum
436 4377 581 4467 praelatis
603 4381 638 4442 et
659 4373 732 4439 aliis
754 4370 939 4458 proceribus
962 4369 1044 4437 dicti
1059 4371 1160 4456 regni,
1177 4370 1387 4438 demandato

337 4488 451 4549 nostro
473 4474 654 4555 existentis,
676 4473 836 4560 nobisque
859 4470 1071 4558 suggerentis,
1095 4472 1183 4558 quod
1205 4473 1332 4538 Alanus
1347 4474 1388 4539 de

340 4583 484 4651 Tesedal’
515 4579 752 4646 anainiaverat
783 4574 948 4660 quandam
979 4574 1113 4639 assisam
1147 4595 1242 4641 novae
1276 4577 1388 4642 dissei-

340 4689 421 4753 sinae
435 4705 549 4752 versus
571 4679 745 4768 praefatum
768 4677 930 4754 comitem,
945 4677 979 4740 et
1001 4675 1082 4741 alios
1105 4675 1141 4740 in
1164 4677 1256 4744 brevi
1278 4686 1388 4746 vestro
