3570 5718
393 735 458 808 872
574 754 773 806 rrorsrnun
795 753 997 808 rlmrruuu
1019 755 1260 808 nuumnuusr„

242 949 363 994 mm
392 941 504 1027 possit,
533 945 568 1006 et
605 941 737 1028 pacifice
777 943 949 1028 possidere.
1014 943 1173 1010 Nolenter
1201 943 1305 1030 igitur
1341 943 1581 1014 dictismrpne
1590 961 1611 1002 1.

392 1042 492 1129 priori
515 1047 550 1110 et
571 1045 749 1108 conventui
771 1045 808 1109 in
835 1044 910 1130 jure
932 1067 1000 1124 suo,
1022 1045 1075 1110 vel
1109 1047 1302 1111 executione
1331 1045 1441 1131 cujus·

392 1165 521 1228 cunque
553 1143 639 1229 juris
673 1146 733 1222 sui,
756 1167 814 1232 per
848 1168 908 1211 nos
937 1146 990 1212 vel
1012 1151 1142 1212 nostros
1165 1147 1440 1233 impedimentum

392 1243 515 1322 inferri,
530 1245 584 1310 vel
606 1244 763 1329 injuriam
784 1247 931 1333 irrogari,
946 1247 1041 1312 vobis
1064 1248 1258 1314 mandamus
1274 1248 1441 1334 quatinus,

393 1366 561 1431 usquequo
584 1347 627 1412 ad
649 1352 760 1432 portes
782 1353 911 1414 nostrus
933 1350 1148 1432 personaliter
1172 1349 1353 1427 veniamus,
1375 1349 1443 1414 dic-

392 1451 466 1512 tum
490 1447 667 1514 Ricardum
689 1449 795 1534 ipsam
825 1450 990 1536 capellum,
1013 1471 1089 1516 cum
1122 1451 1191 1516 suis
1222 1449 1442 1536 pertinentiis,

392 1549 463 1612 sine
484 1551 597 1613 nostro
619 1553 655 1614 et
677 1549 852 1634 cujuslibet
874 1550 1009 1616 ulterius
1032 1551 1224 1637 praejudicio
1246 1551 1347 1616 libere
1370 1573 1443 1636 per-

393 1648 537 1714 mittetis
570 1648 707 1735 ingredi,
729 1655 765 1716 et
797 1651 926 1730 habere,
949 1652 1077 1717 nullum
1100 1653 1130 1717 ei
1154 1652 1191 1716 in
1211 1651 1274 1717 hoc
1304 1652 1444 1737 impedi·

393 1755 542 1814 mentum
573 1755 633 1816 aut
663 1750 849 1818 molestiam
882 1753 1069 1831 inferentes,
1092 1753 1145 1820 vel
1168 1754 1211 1820 ab
1234 1752 1308 1820 eliis
1330 1752 1445 1816 inferri

394 1850 602 1936 aliquetenus
633 1852 872 1936 permittentes,
930 1853 1052 1920 Velete.
1111 1855 1246 1931 Datum,
1280 1857 1350 1931 etc,
1384 1849 1444 1938 vj⁰.

394 1952 448 2016 die
470 1951 624 2037 Augusti.

256 2116 352 2190 cipe.
393 2135 476 2185 Breve
488 2075 637 2198 procubare
718 2097 910 2216 Edwmdus,
947 2099 1011 2215 Dei
1047 2099 1165 2186 gratia,
1210 2120 1269 2164 rex
1306 2097 1445 2214 hugliae,

226 2179 360 2290 iiiios*
393 2200 578 2265 cemoewyk’.
671 2201 823 2265 dommus
861 2200 1039 2278 H1bermae,
1069 2206 1104 2265 et
1141 2200 1211 2265 dux
1247 2199 1447 2284 Aqmtumae,

225 2279 384 2373 ii'ihiltii'or
394 2303 575 2369 venerabili
598 2303 635 2367 in
657 2301 789 2368 Christo
812 2301 908 2386 petri,
932 2301 1079 2383 Ricerdo,
1104 2301 1216 2367 eudem
1239 2301 1356 2388 gratia,
1379 2300 1447 2386 epi-

226 2379 343 2432 nuent.
393 2427 489 2492 scopo
505 2401 889 2483 Dunolmenshstlutem.
929 2401 1126 2467 Mandnmus
1141 2403 1235 2467 robis
1250 2403 1337 2488 quod
1353 2423 1449 2467 exac-

393 2507 527 2586 tionem,
543 2527 650 2592 quem,
665 2505 709 2570 cd
723 2504 916 2569 mandatum
938 2509 1096 2581 nostrum,
1111 2503 1182 2568 fieri
1196 2503 1305 2570 facitis
1327 2503 1448 2568 dilecto

395 2609 490 2674 nobis
512 2607 549 2671 in
572 2606 704 2674 Christo
728 2655 735 2670 .
759 2655 766 2670 .
790 2656 796 2670 .
828 2605 944 2671 abbati
966 2605 1007 2670 de
1030 2605 1218 2691 Alnewyk’,
1239 2605 1281 2670 de
1300 2605 1406 2689 lxviij.
1423 2626 1447 2669 s.

395 2710 436 2774 de
458 2707 630 2794 arreragiis
651 2706 839 2772 medietatis
854 2705 987 2771 domino
1002 2707 1175 2785 Edwmdo
1189 2707 1355 2792 quondam
1377 2705 1447 2792 regi
1580 2709 1588 2724 '

394 2809 533 2898 Angues,
556 2809 644 2896 petri
658 2811 780 2887 nostro,
803 2828 824 2872 a
846 2808 930 2874 clero
951 2808 988 2873 in
1011 2808 1201 2895 episcopatu
1224 2813 1334 2873 vestro
1364 2829 1447 2894 pree-

394 2911 483 2975 dicto
505 2910 632 2974 dudum
654 2929 820 2989 concessae,
845 2909 975 2994 ponetis
998 2909 1035 2973 in
1068 2914 1259 2996 respectum,
1280 2930 1382 2994 usque
1404 2908 1447 2973 ad

395 3011 528 3078 octabas
544 3009 657 3076 Sancti
673 3009 844 3076 Michaelis
859 3011 1009 3096 proximo
1023 3010 1147 3084 futuri;
1172 3015 1207 3075 et
1233 3013 1447 3096 sequestrum,

395 3112 526 3198 siquod
542 3111 578 3175 in
600 3111 695 3176 bonis
717 3115 753 3175 et
773 3110 940 3176 beneficiis
963 3111 1030 3176 suis
1053 3111 1276 3177 ecclesiasticis
1298 3132 1338 3176 eu
1359 3130 1449 3174 occa·

321 3235 323 3240 ’
396 3214 486 3279 sione
508 3213 630 3300 epponi
659 3211 809 3290 feceritis,
832 3212 965 3277 interim
1000 3212 1142 3278 relaxari
1172 3211 1302 3278 facietis
1333 3211 1447 3277 eidem

396 3314 502 3393 Teste,
517 3313 570 3380 W.
585 3313 626 3378 de
641 3311 815 3399 Norwyco,
838 3318 970 3378 tenente
992 3314 1099 3380 locum
1122 3313 1317 3379 thesaurarii
1332 3313 1448 3391 nostri,

397 3415 486 3501 apud
503 3413 836 3495 westmonasterium,
847 3415 942 3500 xxijo.
956 3415 1010 3480 die
1025 3414 1049 3480 J
1050 3415 1118 3496 ulii,
1134 3435 1221 3481 anno
1235 3413 1328 3502 regni
1342 3415 1447 3480 nostri

398 3522 499 3584 sexto.

251 3641 308 3724 ppt
322 3693 337 3724 v
354 3643 380 3676 or
443 3617 531 3698 Quis
565 3617 728 3683 Robertus
755 3616 796 3683 de
827 3616 973 3696 Belliolo,
996 3621 1143 3703 tempore
1174 3637 1238 3702 quo
1271 3614 1336 3681 fuit
1358 3614 1445 3680 vice·

265 3730 289 3774 ¹·
338 3694 351 3726 ⁰
397 3739 503 3784 comes
519 3716 776 3796 Northumbn'ae,
784 3719 911 3785 levavit
925 3719 1074 3784 denarios
1090 3719 1262 3804 praedictos
1276 3718 1317 3783 de
1331 3717 1446 3782 eodem

396 3818 524 3897 abbate,
546 3823 581 3885 et
602 3817 711 3905 ipsum
742 3818 820 3884 inde
857 3819 1004 3886 nondum
1038 3819 1249 3906 acquieterit,
1281 3823 1320 3884 ut
1357 3819 1446 3883 idem

396 3920 499 3986 obbas
535 3919 617 3986 dicit
628 3945 637 4000 ;
670 3919 758 3984 unde
799 3921 1005 4006 prosequitur
1039 3942 1152 3987 versus
1191 3921 1375 3987 Robertum
1417 3921 1447 3986 le

396 4022 552 4100 Vnillant,
581 4020 858 4107 consanguineum
895 4026 930 4087 et
965 4022 1128 4088 haeredem
1166 4023 1269 4110 ipsius
1299 4021 1447 4102 Roberti‚

398 4123 487 4208 quod
501 4122 609 4208 ipsum
624 4121 789 4208 acquietet
804 4144 918 4188 versus
932 4144 1040 4210 regem
1056 4124 1097 4188 de
1113 4124 1255 4190 denariis
1270 4125 1446 4211 praedictis.

229 4326 334 4376 ,noum
403 4319 468 4371 Iram
487 4321 571 4371 Bm„
586 4335 633 4384 pro
711 4285 903 4366 Edwardus,
927 4287 991 4354 Dei
1012 4289 1127 4376 gratia,
1149 4310 1208 4354 rex
1231 4289 1372 4377 Angliae,
1389 4290 1446 4356 do·

230 4380 378 4474 ffiffifflg
397 4387 594 4437 wesmannus.
666 4385 778 4453 minus
826 4388 1006 4468 Hiberniae,
1055 4394 1090 4455 et
1137 4390 1208 4456 dux
1243 4390 1443 4476 Aquitaniae,

319 4493 321 4496 ’
399 4484 583 4550 venerabili
615 4485 651 4549 in
686 4487 819 4553 Christo
860 4491 957 4574 petri,
995 4489 1142 4572 Ricardo,
1178 4491 1290 4557 eedem
1327 4491 1443 4577 gratia,

357 4659 362 4668 ¹
401 4583 551 4671 episcopo
583 4584 807 4665 Dunolmensi,
838 4590 986 4657 sulutem.
1032 4590 1152 4659 Sciatis
1184 4592 1272 4680 quod
1305 4591 1345 4658 de
1378 4591 1445 4658 illis
