3538 5712
500 823 701 875 suersrsuu
725 821 932 876 reuersurus
954 825 1195 877 nuuunususn.
1288 815 1375 878 1153

155 1035 198 1080 aa.
207 1033 284 1088 nare.
292 1037 312 1078 1.
321 1009 471 1078 caritatis
502 1014 538 1076 et
568 1011 718 1099 vigentia
738 1012 922 1098 gratiarum
950 1033 1088 1082 munera
1109 1035 1183 1101 quse
1214 1016 1252 1082 in
1286 1017 1375 1084 dicto
1410 1029 1466 1078 11).
1474 1033 1532 1077 1⁸12.

323 1113 521 1180 monasterio
536 1118 647 1179 vestro
669 1114 830 1181 hactenus
852 1114 1073 1200 abundarunt,
1097 1138 1225 1184 necnon
1247 1119 1376 1186 anime·

324 1239 398 1282 rum
422 1216 569 1304 pericula
583 1217 770 1306 devotionis
807 1217 1051 1304 tepescentium,
1077 1225 1112 1286 et
1134 1223 1377 1308 quamplurima

328 1320 396 1387 ulia
415 1319 621 1386 incommode
644 1323 680 1385 et
703 1319 888 1397 inhonesta,
911 1341 988 1407 quae
1011 1343 1053 1386 ex
1068 1322 1185 1410 litigiis
1207 1325 1296 1402 inter
1317 1345 1377 1391 vos

326 1426 361 1488 et
382 1422 524 1488 vicarios
547 1428 673 1487 vestros
696 1421 774 1488 olim
797 1422 966 1508 praedictae
988 1423 1121 1510 capellae
1144 1426 1185 1491 de
1219 1427 1377 1492 Hirbotil’

326 1525 405 1590 oriri
454 1524 662 1611 frequentius
701 1531 948 1604 consueverant,
981 1527 1118 1612 provide
1155 1528 1375 1612 attendentes,

325 1647 490 1714 generosae
523 1628 657 1714 insuper
690 1628 851 1714 prosapies
882 1628 1089 1704 titulumne
1120 1630 1187 1696 alia
1210 1630 1376 1697 virtutum

326 1731 470 1817 praemia,
493 1731 614 1816 quibus
648 1751 709 1796 vos
741 1731 895 1796 novimus
918 1730 1084 1817 insigniri,
1107 1737 1319 1820 vestramque
1342 1739 1376 1800 et

269 1879 271 1884 -
295 1825 299 1834 ’
325 1839 511 1900 vestrorum
535 1833 735 1914 monasterii,
751 1835 966 1913 ecclesiarum,
982 1838 1017 1900 et
1033 1834 1176 1922 capellae,
1191 1837 1374 1904 exilitatem

325 1942 360 2002 et
381 1927 564 2023 penuriam,
588 1959 626 2004 ac
649 1937 752 2001 situm
763 1937 956 2002 monasterii
980 1937 1092 2015 vestri,
1125 1958 1254 2005 necnon
1276 1939 1375 2006 bene-

326 2037 473 2106 ficiorum
503 2039 735 2126 praedictorum
758 2039 947 2104 evidentem
970 2038 1153 2104 utilitatem
1182 2061 1375 2107 concurren-

287 2223 291 2232 .
326 2147 402 2218 tem,
426 2148 526 2227 prout
543 2142 613 2228 juri
636 2141 799 2221 convenit,
824 2140 964 2206 sollicite
986 2139 1215 2226 ponderantes,
1237 2143 1375 2208 necessi-

325 2245 390 2310 tati
414 2250 448 2309 et
470 2244 665 2330 indigentiae
687 2247 809 2308 vestrae
832 2246 970 2328 paterno
992 2229 1230 2329 compatientes
1245 2245 1374 2327 affectu,

326 2346 442 2412 habito
465 2346 502 2410 iu
523 2345 586 2410 huc
608 2350 704 2431 parte
727 2365 803 2410 cum
835 2345 980 2430 capitulo
1014 2351 1126 2410 nostro
1148 2347 1373 2426 Dunolmensi‚

326 2469 365 2516 ec
386 2449 528 2526 aliunde,
544 2449 580 2513 in
602 2448 708 2513 forma
723 2447 820 2532 juris,
837 2446 995 2534 diligente
1010 2453 1045 2513 et
1059 2448 1198 2514 solemni
1219 2454 1374 2531 tractatu,

327 2552 542 2637 omnibusque
558 2555 592 2615 et
615 2550 753 2636 singulis
776 2571 850 2634 quse
872 2550 909 2612 in
931 2549 993 2614 hoc
1009 2569 1086 2615 casu
1109 2551 1150 2615 de
1168 2550 1244 2640 jure
1266 2555 1375 2640 requi-

327 2653 618 2719 runturtotaliter
652 2652 835 2717 observetis
861 2655 896 2716 et
922 2653 1199 2731 concurrentibus,
1222 2655 1375 2727 invocato

325 2757 390 2822 Dei
421 2757 562 2834 nomine,
598 2759 794 2820 memoratus
822 2754 992 2820 ecclesiam
1023 2755 1064 2820 de
1103 2755 1295 2824 Orossanset
1340 2764 1375 2824 (1

326 2859 485 2926 vicariam
518 2858 566 2938 ,de
590 2857 738 2922 Hirbotil
761 2857 963 2943 praescriptae
986 2856 1129 2923 ecclesiae
1152 2857 1194 2924 de
1216 2857 1376 2926 Halisten

327 2961 507 3049 pontificali
530 2961 737 3038 auctoritate,
760 2959 800 3023 de
816 2979 974 3025 consensu
997 2959 1078 3024 dicti
1101 2961 1238 3046 capituli
1260 2965 1374 3042 nostri,

326 3067 460 3130 unimus
497 3069 532 3128 et
561 3062 801 3129 consolidemus
813 3086 821 3142 ;
855 3064 1039 3126 statuentes
1070 3063 1159 3147 quod
1193 3064 1234 3128 de
1257 3069 1384 3131 caetero.

327 3189 430 3232 unum
469 3173 504 3231 (1
533 3166 621 3231 idem
666 3164 860 3230 beneficium
908 3163 1162 3229 ecclesiasticum
1206 3165 1373 3253 integrum

327 3270 391 3336 Del
406 3269 562 3335 Helisten
588 3270 806 3353 nuncupetur,
830 3270 864 3330 et
888 3265 934 3329 sic
955 3267 1124 3352 perpetuis
1145 3265 1267 3331 futuris
1288 3274 1375 3334 tem-

326 3371 460 3460 poribus
481 3372 653 3446 habeatur,
668 3369 827 3453 vobisque
850 3371 885 3432 et
898 3367 993 3432 vobis
1016 3366 1263 3434 succedentibus
1286 3369 1374 3436 idem

327 3475 521 3540 beneficium
556 3477 716 3557 tanquam
759 3471 892 3534 unitum
925 3475 959 3533 et
992 3468 1179 3554 integrum,
1192 3468 1233 3534 de
1256 3475 1374 3538 atero

203 3557 206 3565 Ι
327 3579 426 3644 liceut
463 3575 612 3652 retinere,
637 3578 671 3638 et
707 3573 835 3637 fructus
867 3571 1014 3656 ejusdem
1037 3571 1243 3657 integraliter
1270 3575 1374 3658 perci·

327 3703 412 3768 pere,
434 3684 469 3744 et
492 3678 527 3742 in
551 3697 628 3741 usus
651 3681 778 3740 vestros
801 3674 903 3738 libere
925 3677 1115 3738 convertere
1127 3698 1135 3754 3
1170 3675 1269 3739 salvis
1292 3697 1374 3741 eem-

328 3783 478 3867 perjure
501 3784 536 3844 et
554 3778 719 3862 ,libertate
748 3780 870 3842 nostrae
895 3773 1037 3842 ecclesiae
1060 3775 1300 3857 Dunolmensis,
1325 3781 1374 3845 ite

328 3884 417 3969 quod
439 3883 543 3960 nobis,
568 3879 602 3947 'et
624 3879 868 3948 suecessoribus·
883 3899 921 3946 ac
954 3879 1116 3944 ministris
1141 3881 1272 3962 nostris,
1295 3881 1374 3948 feci-

326 3987 392 4052 stis
423 3985 464 4050 de
493 3983 648 4050 oneribus
678 3981 947 4048 incumbentibus
977 3980 1086 4046 debite
1119 3983 1309 4068 responderi
1340 3988 1374 4049 et

188 4083 192 4092 ’
328 4089 487 4154 deserviri
510 4089 546 4151 in
570 4087 684 4152 eodem
706 4085 864 4150 beneficio
888 4088 922 4148 et
944 4083 1013 4148 suis
1027 4083 1178 4168 pertibus
1199 4084 1373 4150 laudabili·
1481 4170 1486 4178 ‚

327 4199 380 4258 ter
393 4193 430 4256 in
453 4191 583 4256 divinis.
616 4188 681 4254 Sed
696 4209 739 4253 ne
754 4187 938 4252 animarum
954 4207 1033 4252 oure
1048 4185 1084 4248 in
1106 4185 1194 4250 dicto
1217 4187 1374 4254 beneficio

254 4369 259 4380 ,
328 4295 381 4360 vel
405 4295 476 4379 ejus
510 4291 660 4378 partibus
691 4291 852 4375 depereat,
876 4311 933 4353 seu
957 4287 1200 4373 quomodolibet
1229 4289 1374 4376 negliga-

327 4403 392 4478 tur,
415 4394 535 4460 nobilis
558 4393 622 4458 viri
646 4391 771 4457 domini
794 4390 929 4456 Ricardi
955 4390 996 4454 de
1012 4388 1208 4467 Umfrevill’,
1223 4390 1375 4456 advocati

328 4504 362 4564 et
391 4498 537 4586 ,patroni
584 4495 699 4574 vestri,
736 4493 937 4561 ordinationi
983 4513 1081 4578 super
1135 4476 1218 4559 hoc'
1252 4491 1375 4558 habitae

327 4600 455 4666 firmius
487 4599 692 4678 inhaerentes,
732 4597 910 4662 statuimus
941 4594 1028 4680 quod
1065 4597 1172 4661 rector
1207 4593 1262 4659 vel
1306 4615 1375 4662 me·

328 4705 430 4791 gister
450 4703 588 4768 idoneus
618 4701 734 4767 domus
757 4703 877 4765 vestra
900 4697 963 4763 Del
985 4697 1141 4765 Helistan
1169 4717 1228 4782 per
1257 4717 1315 4762 vos
1339 4700 1375 4764 et

418 4823 492 4872 vot.
517 4823 552 4870 11.
1175 4815 1241 4864 11-11
