3564 5744
393 813 481 894 1126
544 803 550 814 '
579 825 776 892 anemisuu
799 823 1002 876 rmsrrruu
1024 823 1267 874 susurrares.

247 1031 367 1077 annau.
397 1019 546 1079 mentum
569 1011 803 1099 extorquendo,
826 1015 861 1075 et
882 1009 949 1076 alia
970 1009 1145 1074 innumera
1160 1008 1243 1073 dura
1264 1005 1400 1072 insolita
1414 1007 1616 1080 erarem

396 1115 550 1180 inaudita
574 1114 654 1200 ipsis
676 1112 845 1178 monachis
859 1111 1049 1176 immaniter
1063 1109 1247 1196 irrogando,
1262 1109 1300 1172 in
1314 1129 1449 1195 gravem

398 1217 565 1282 Monam
588 1219 623 1280 et
645 1213 857 1278 manifestum
878 1211 1107 1298 praejudicium
1123 1212 1271 1296 antiquae
1285 1209 1451 1274 libertatis

401 1323 436 1383 et
452 1317 644 1404 approbatae
667 1315 915 1381 consuetudinis
937 1313 1118 1400 supprioris
1150 1317 1185 1377 et
1207 1309 1451 1388 monachorum,

401 1418 538 1506 capituli
561 1417 727 1504 prioratus
746 1414 907 1501 ejusdem,
931 1414 975 1478 ad
997 1434 1080 1500 quos
1101 1417 1247 1501 tempore
1269 1411 1452 1478 vamtionis

401 1520 567 1607 prioratus
582 1517 689 1582 omnis
711 1515 967 1597 administratio,
982 1515 1157 1596 ordinatio,
1173 1519 1208 1580 et
1229 1512 1402 1600 dispositio
1416 1512 1454 1576 in

401 1619 630 1706 spiritualibus
664 1622 699 1683 et
727 1615 973 1704 temporalibus,
995 1616 1033 1680 in
1054 1616 1200 1703 personis
1223 1620 1258 1680 et
1279 1615 1387 1693 rebus,
1410 1612 1454 1679 sd

402 1721 585 1809 prioratum
615 1719 724 1804 ipsum
747 1717 1028 1804 qualitercumque
1057 1716 1308 1803 pertinentibus,
1331 1715 1375 1781 ab
1395 1735 1455 1781 an·

402 1822 496 1908 tiquo
520 1819 692 1906 pertinuit,
727 1824 763 1884 et
796 1840 840 1884 ex
871 1818 1054 1905 approbata
1085 1815 1322 1882 consuetudine
1345 1816 1455 1880 dinos-

403 1923 490 1990 citur
512 1921 676 2008 pertinere
688 1919 813 1986 2-Nos
836 1919 919 2006 paci,
933 1918 1172 2004 tranquillitati
1195 1923 1230 1984 at
1251 1917 1358 2004 quieti
1378 1937 1454 2004 sup-

403 2023 522 2112 prioris
545 2029 580 2088 et
599 2022 832 2089 monachorum
847 2021 1089 2108 praedictorum,
1103 2041 1142 2087 aa
1164 2020 1267 2086 statui
1290 2020 1455 2106 prioratus

286 2129 289 2134 ’
403 2133 551 2212 tempore
574 2123 766 2201 vacationis,
786 2123 936 2189 volentes
958 2122 1141 2209 prospicere
1164 2122 1200 2186 in
1230 2121 1389 2199 futurum,
1412 2139 1455 2185 ne

405 2228 495 2316 quod
525 2227 572 2291 sic
604 2226 644 2291 de
677 2225 765 2292 facto
791 2229 996 2292 attentatum
1027 2229 1061 2290 et
1090 2224 1216 2292 facturn
1252 2225 1361 2290 meror
1396 2245 1456 2310 par

404 2329 535 2396 eosdem
568 2326 729 2392 vicarium
762 2331 797 2393 et
818 2325 994 2404 ministros,
1019 2325 1110 2392 trahi
1131 2324 1236 2412 possit
1257 2325 1300 2391 ab
1322 2325 1398 2390 aliis
1419 2325 1456 2390 in
1519 2333 1525 2342 '

405 2429 600 2516 exemplum,
623 2427 779 2513 quicquid
800 2448 858 2513 per
879 2427 1033 2514 praefatos
1047 2427 1209 2492 vicarium
1231 2428 1266 2491 st
1287 2426 1456 2492 ministros

405 2538 519 2600 eontra
549 2530 722 2616 antiquam
745 2532 780 2594 et
801 2531 1016 2615 approbatam
1039 2528 1317 2606 consuetudinem,
1341 2529 1378 2594 in
1400 2528 1456 2594 lte-

405 2637 530 2701 sionem
560 2631 726 2696 libertatis
756 2630 998 2712 monachorum,
1023 2635 1058 2696 et
1087 2629 1316 2717 praejudicium
1340 2649 1456 2696 eoum·

405 2735 490 2813 dem,
507 2733 544 2797 in
555 2732 804 2818 quibuscunque
822 2735 942 2809 actum,
953 2731 1151 2810 ordinatum,
1166 2734 1332 2798 statutum
1346 2729 1456 2807 fuerit,

406 2855 464 2901 seu
486 2835 664 2914 decretum,
693 2837 825 2898 servato
849 2853 1009 2918 processu,
1025 2837 1059 2898 et
1077 2832 1164 2917 juris
1187 2832 1301 2898 ordine
1324 2833 1384 2918 qui
1407 2855 1458 2898 re·

406 2936 552 3023 quiritur
573 2935 610 2998 in
640 2934 703 3002 hoc
724 2954 809 3012 casu,
833 2955 1031 3012 revocamus,
1046 2955 1219 3012 cassamus,
1240 2935 1457 3015 adnullamus,

406 3059 466 3105 nec
500 3035 639 3120 alicujus
671 3050 818 3121 unquam
853 3035 1022 3101 firmitatis
1045 3036 1195 3102 extitisse
1218 3037 1271 3102 vel
1295 3058 1364 3102 esse
1386 3057 1458 3102 sen·

405 3137 591 3207 tantisliter
612 3136 822 3204 declaramus.
872 3135 1033 3203 Volumus
1063 3137 1288 3215 nihilominus,
1318 3143 1353 3204 et
1381 3159 1457 3206 eon·

405 3240 551 3308 cedimus
574 3259 633 3326 pro
655 3237 750 3304 nobis
772 3242 808 3304 et
829 3239 1067 3306 successoribus
1089 3239 1220 3316 nostris,
1235 3245 1275 3305 ut
1290 3239 1457 3324 quotiens·

406 3361 537 3426 cunque
570 3340 751 3426 prioratum
779 3340 887 3436 ipsum
918 3341 958 3406 de
988 3345 1107 3408 caetero
1130 3361 1247 3406 vacare
1273 3340 1471 3427 mutigerit,

407 3444 568 3532 supprior,
590 3463 666 3508 cnm
688 3440 824 3508 consilio
847 3441 1090 3519 monachorum,
1112 3443 1150 3507 in
1172 3441 1402 3530 spiritualibus
1424 3446 1459 3508 at

407 3543 647 3632 temporalibus
669 3542 710 3608 de
732 3543 880 3630 personis
903 3549 937 3609 et
951 3545 1048 3610 rebus
1070 3544 1159 3610 infra
1174 3545 1407 3610 monasterium
1422 3547 1459 3610 et

407 3653 510 3725 extra,
533 3646 577 3712 ad
606 3645 714 3731 ipsum
744 3645 927 3731 prioratum
956 3645 1200 3731 quomodolibet
1222 3645 1457 3732 spectantibus,

406 3747 509 3814 libere
531 3746 749 3823 administret,
773 3747 903 3812 ordinet
937 3752 971 3812 et
1002 3748 1164 3834 disponat,
1185 3752 1285 3833 prout
1305 3748 1349 3812 ad
1371 3769 1458 3813 oom-

406 3850 542 3915 modum
577 3851 612 3912 at
644 3847 827 3912 utilitatem
862 3847 943 3914 dicti
977 3848 1143 3934 prioratus
1164 3847 1296 3915 videbit
1317 3849 1459 3935 amplius

365 4033 374 4048 θ
408 3950 571 4037 expedire.
611 3949 658 4013 Et
680 3968 739 4034 pro
761 3948 913 4014 custodia
934 3948 1123 4030 obtinenda,
1148 3951 1281 4016 nomine
1315 3951 1459 4037 episcopi

407 4053 465 4137 qui
497 4071 556 4138 pro
588 4055 736 4136 tempore
767 4048 877 4128 firerit,
910 4070 996 4116 unus
1030 4056 1163 4118 tantum
1201 4052 1345 4131 clericus,
1383 4073 1459 4118 cum

406 4155 515 4220 tribus
536 4150 726 4217 hominibus
742 4155 777 4217 et
792 4150 902 4217 tribus
918 4152 1018 4238 equis,
1033 4153 1105 4220 sine
1119 4153 1277 4241 pluribus,
1292 4154 1329 4218 in
1344 4154 1458 4219 eodem

406 4256 553 4343 prioratu
576 4253 760 4321 vacationis
781 4259 928 4341 tempore
943 4276 1069 4320 moram
1091 4256 1223 4334 trahat3
1248 4260 1289 4324 de
1311 4256 1458 4344 personis

407 4363 468 4422 aut
491 4355 589 4421 rebus
620 4355 707 4420 infra
737 4356 981 4435 monasterium,
1005 4357 1059 4422 vel
1082 4363 1185 4438 extra,
1208 4359 1252 4424 ad
1273 4359 1457 4446 prioratum

405 4459 514 4546 ipsum
529 4458 782 4545 pertinentibus,
804 4480 840 4523 se
861 4459 1052 4525 nullatenus
1075 4461 1320 4540 intromittens3
1343 4461 1400 4526 sed
1415 4481 1457 4526 ne

405 4581 464 4648 per
487 4565 661 4632 extraneos
683 4564 745 4626 aut
765 4559 900 4626 aliunde
915 4561 1085 4627 venientes
1108 4562 1235 4648 aliquid
1257 4569 1458 4650 procuretur,

404 4668 465 4732 aut
497 4664 566 4741 fiat,
589 4662 626 4726 in
651 4663 818 4749 jacturam
840 4685 897 4729 seu
918 4664 1128 4752 dispendium
1151 4666 1276 4746 domus,
1299 4666 1457 4733 sollicitus
