3468 5704
500 767 699 818 suumrauu
722 763 926 814 rsmrruurr
948 765 1190 818 nuunnnrusn.
1304 759 1369 824 683

151 962 308 1018 saumas.
321 955 454 1023 tinuum
468 955 715 1021 incrementum.
762 951 923 1017 Mandata
944 951 1090 1020 coelestia
1121 953 1250 1020 facilius
1285 954 1370 1041 geri·
1401 973 1522 1022 annue

322 1081 404 1138 mus,
427 1062 462 1124 et
485 1056 645 1123 efficacius
667 1054 896 1142 adimplemus,
919 1056 949 1119 si
972 1060 1085 1121 nostra
1107 1076 1182 1122 curn
1212 1057 1371 1123 fratribus

322 1161 444 1227 nostris
466 1179 565 1224 onera
595 1158 787 1244 partiamur.
832 1157 883 1222 De
915 1163 1027 1222 vestra
1059 1158 1165 1245 igitur
1196 1159 1371 1226 devotione

322 1264 452 1340 sincera,
486 1282 594 1346 quam,
620 1260 664 1324 ed
685 1258 791 1324 nostri
822 1258 1068 1326 alleviationem
1095 1261 1225 1339 laboris,
1253 1261 1371 1328 habere

321 1386 380 1430 vos
402 1364 575 1442 oredimus,
599 1361 731 1448 plenam
753 1360 911 1426 fiduciam
942 1361 1139 1440 obtinentes,
1162 1364 1265 1444 vobis,
1297 1385 1371 1430 oum

320 1489 379 1552 per
400 1470 551 1530 nostram
575 1461 742 1528 dioecesim
764 1460 944 1526 transitum
967 1462 1072 1528 facere
1103 1483 1163 1528 vos
1185 1464 1369 1552 contigerit,

320 1567 374 1634 vel
400 1569 437 1632 in
466 1567 582 1632 eadem
615 1562 756 1630 ubilibet
789 1564 990 1642 commorari,
1022 1564 1164 1650 primam
1198 1570 1369 1632 tonsuram

320 1669 445 1736 ordinis
467 1665 624 1735 clericalis
646 1665 794 1751 legitime
816 1665 1088 1742 natis,nobilium
1111 1672 1146 1732 et
1166 1671 1369 1752 magnatum,

321 1778 577 1856 caeterorumque
600 1768 777 1855 proborum
794 1767 950 1845 virorum,
965 1773 1087 1834 nostrae
1111 1769 1270 1852 dioecesis,
1293 1793 1370 1837 con·

319 1874 454 1953 ferendi,
476 1871 632 1960 parvulos
654 1877 689 1936 et
710 1870 843 1935 adultos
866 1870 1091 1948 confirmandi,
1114 1872 1233 1937 altaria
1258 1877 1369 1960 porte-

318 1978 393 2042 tilia
415 1997 490 2062 quae
514 1973 759 2060 “superaltaria
770 1971 787 1999 '’
811 1971 996 2058 vulgariter
1016 1969 1260 2060 nuncupantur,
1277 1976 1370 2040 dedi-

318 2081 423 2156 candi,
446 2078 560 2145 calices
584 2082 618 2141 et
642 2079 781 2162 patenas
805 2075 1025 2154 consecrandi,
1048 2075 1245 2142 indumenta
1267 2100 1370 2144 sacer-

318 2181 445 2248 dotalia
466 2186 501 2246 et
515 2178 658 2254 levitica,
674 2177 805 2262 aliaque
826 2181 1020 2242 ornamenta
1043 2177 1261 2244 ecclesiastiea
1274 2180 1371 2246 bene·

321 2282 461 2360 dicendi,
473 2279 646 2368 specialem
660 2283 869 2365 potestatem,
889 2279 1058 2364 nostrique
1074 2280 1301 2346 executionem
1323 2281 1371 2347 of·

321 2385 389 2450 ficii
423 2384 460 2448 in
489 2381 674 2469 praemissis,
698 2381 934 2446 committimus
966 2403 1023 2468 per
1056 2386 1245 2468 praesentes,
1267 2405 1386 2470 usque·

290 2533 295 2541 -
322 2486 366 2551 ad
381 2483 562 2550 triennium
577 2483 771 2550 continuum
789 2483 1231 2550 tantummododuraturam.
1280 2485 1370 2565 Quas

320 2588 357 2653 in
379 2585 606 2653 testimonium
628 2585 881 2672 praemissorum,
906 2583 1006 2672 sigilli
1030 2587 1136 2651 nostri
1170 2588 1369 2672 appensione

318 2691 454 2756 fecimus
475 2687 678 2755 communiri.
725 2687 905 2754 Oonservet
920 2709 978 2753 vos
994 2687 1195 2768 Altissimus,
1211 2689 1253 2754 ad
1269 2689 1370 2756 eccle·

321 2793 378 2857 siae
393 2794 513 2856 vestrae
535 2789 683 2876 regimen
699 2794 733 2854 et
756 2789 924 2855 bonorem.
970 2790 1094 2866 Datum
1118 2792 1208 2876 'apud
1224 2791 1366 2872 Cawod',

320 2893 411 2979 xvije
433 2892 499 2958 kal
524 2892 686 2969 Januarii,
711 2913 798 2956 anno
822 2891 948 2957 Gratiae
971 2902 1091 2960 M⁰.ccc⁰.
1115 2895 1368 2978 quartodecimo,

319 2999 353 3062 et
374 2994 588 3082 pontificatus
610 2993 715 3060 nostri
737 3013 833 3060 nono.

322 3208 402 3342 prro]
425 3207 543 3288 pannum
565 3213 591 3259 et
669 3195 844 3292 Ricardua¹
863 3195 1076 3282 permissione
1101 3195 1224 3278 divina,
1240 3196 1366 3262 Dunol·
1379 3211 1539 3308 papati&

215 3407 217 3410 ι
481 3347 507 3391 et
525 3281 591 3390 bf
622 3297 777 3465 esse
1315 3299 1365 3466 u

433 3443 439 3456 .
776 3451 785 3476 ‚
1354 3437 1367 3448 ·
1413 3427 1429 3467 y
1473 3427 1493 3457 w

318 3423 488 3567 cldsiarum
513 3499 688 3586 capellanis
723 3421 972 3586 parochiiliiiud,
999 3500 1147 3578 salutem,
1169 3502 1312 3587 gratiam
1332 3463 1535 3568 etiiffiiii:

318 3601 587 3669 benedictionem.
643 3601 898 3667 Insinuantibus
923 3601 1017 3667 nobis
1044 3602 1160 3668 multis
1183 3605 1366 3692 accepimus

316 3704 491 3791 fidedignis
514 3703 602 3790 quod
634 3703 787 3768 nonnulli
820 3703 942 3783 fideles,
973 3704 1009 3767 in
1043 3705 1199 3770 extremis
1222 3713 1365 3795 agentes,

319 3808 360 3873 ob
397 3806 582 3871 animarum
630 3827 763 3870 suarum
810 3806 960 3883 salutem,
996 3808 1105 3872 varias
1150 3809 1366 3896 pecuniarum

318 3930 470 3986 summas,
493 3913 528 3974 et
560 3929 611 3973 res
646 3907 737 3990 alias,
760 3909 803 3974 ad
836 3909 1006 3987 fabricam,
1034 3912 1284 3996 reparationem,
1307 3933 1366 3978 seu

318 4011 538 4087 refectionem,
564 4011 717 4097 pontium
736 4015 776 4098 ‚et
801 4010 919 4078 calcati
941 4010 1030 4077 inter
1062 4011 1204 4077 Norton'
1227 4016 1262 4078 ct
1284 4013 1365 4099 Byl-

319 4112 475 4198 lingham,
506 4111 544 4175 in
577 4113 644 4176 suis
680 4112 809 4178 ultimis
822 4111 1062 4179 'voluntatibus
1092 4112 1295 4200 legaverunt,
1329 4117 1365 4182 in

277 4278 280 4284 ,
319 4214 502 4280 utilitatem
524 4212 756 4280 itinerantium
779 4237 837 4301 per
858 4215 931 4281 loca
952 4215 1110 4301 praedicta
1125 4216 1267 4282 fideliter
1289 4240 1364 4286 con-

317 4315 519 4395 vertendas;
554 4315 688 4401 quidam
711 4321 832 4394 tamen,
854 4339 922 4382 suae
945 4317 1062 4382 salutis
1094 4318 1298 4386 immemores
1330 4327 1364 4388 et

315 4419 387 4507 pias
411 4418 642 4486 decedentium
669 4418 804 4483 ultimas
828 4419 1016 4485 voluntates
1041 4424 1161 4486 temere
1185 4423 1364 4510 impedien-

315 4527 374 4601 tes,
397 4520 589 4608 hujusmodi
619 4541 670 4586 res
689 4525 737 4602 ,et
766 4522 978 4607 pecuniarum
1012 4544 1155 4590 summas
1189 4526 1363 4606 occultant,

315 4629 350 4690 et
373 4624 498 4692 occulte
530 4623 677 4692 detinere
700 4629 914 4712 praesumunt,
953 4625 989 4691 in
1011 4627 1195 4694 animarum
1229 4651 1360 4696 suarum
