3562 5710
431 804 518 870 1062
612 810 811 864 ancmrnnu
832 805 1035 860 amamus
1057 804 1300 858 nurmuarsr.

280 1021 402 1068 anna
431 1003 552 1070 mentis
575 1023 651 1089 quae
674 999 757 1068 dicti
778 999 880 1066 abbas
903 1002 938 1064 et
961 1000 1144 1064 conventus
1170 993 1369 1074 habentne
1399 995 1662 1062 denotasses

432 1112 468 1174 et
491 1105 706 1186 concessione,
729 1102 927 1180 remissione,
954 1097 1273 1187 quieta-clamanda,
1303 1105 1337 1164 et
1370 1097 1485 1164 conflr-

434 1208 589 1286 matione,
620 1205 795 1294 praedictis,
826 1203 1120 1272 considerationem
1142 1199 1266 1266 habens
1297 1199 1342 1266 ad
1372 1199 1485 1266 literas

436 1311 569 1400 papales
592 1329 675 1394 quse
697 1307 824 1374 habent
846 1307 888 1372 de
910 1302 1175 1392 appropriatione
1196 1300 1365 1389 praedicta,
1388 1307 1423 1368 et
1443 1302 1486 1368 ad

435 1431 606 1482 assenmm
622 1409 704 1476 dicti
726 1408 973 1495 praedecessoris
987 1405 1100 1484 vestri,
1116 1409 1151 1470 et
1165 1397 1303 1491 'capituli
1326 1403 1486 1490 pradicti,

436 1535 475 1582 ac
496 1515 596 1580 etiam
620 1511 663 1578 ad
685 1511 851 1577 diutinam
874 1515 909 1576 et
930 1507 1100 1596 pacificam
1122 1507 1365 1595 possessionem,
1387 1527 1487 1593 quam

435 1616 538 1684 abbas
560 1618 594 1680 et
616 1619 799 1680 conventus
822 1614 863 1679 de
886 1611 1009 1678 Sancto
1024 1610 1153 1676 Albano
1174 1610 1212 1674 in
1233 1609 1324 1675 dicta
1346 1608 1487 1688 ecclesia,

435 1723 511 1807 post
532 1715 832 1804 appropriationem
855 1713 1010 1800 ejusdem,
1030 1712 1226 1790 habuerunt,
1250 1715 1359 1778 totum
1377 1711 1432 1795 jus
1454 1717 1489 1776 et

435 1823 595 1892 clameum
610 1839 685 1906 quae
706 1819 796 1884 idem
812 1816 1009 1904 Radulphus
1024 1816 1150 1894 hebuit,
1166 1815 1221 1881 vel
1235 1814 1356 1886 habere
1370 1815 1487 1902 potuit

434 1925 473 1992 in
509 1921 722 1990 advocatione
759 1919 925 2007 praedicta,
959 1941 1018 2006 pro
1055 1941 1090 1983 se
1127 1923 1162 1983 et
1193 1918 1381 1984 haeredibus
1410 1919 1488 1998 suis,

437 2045 546 2092 coram
567 2022 715 2111 praefatis
732 2021 927 2107 justiciariis
949 2021 1077 2098 vestris,
1100 2019 1198 2085 dictis
1220 2020 1336 2086 abbati
1358 2024 1392 2086 et
1413 2041 1489 2086 con·

438 2127 566 2208 ventui,
581 2131 615 2192 et
639 2146 752 2191 eorum
767 2122 1012 2202 successoribus,
1029 2122 1247 2199 concessisset,
1270 2128 1304 2189 et
1327 2122 1490 2206 quietum-

437 2230 611 2297 clamasset
633 2227 866 2312 inperpetuum
881 2249 889 2303 ;
904 2247 962 2311 per
984 2225 1073 2310 quod
1090 2224 1267 2309 justiciarii
1289 2224 1392 2289 vestri
1405 2245 1489 2312 prae·

438 2330 520 2396 dicti
543 2329 586 2396 ad
608 2327 843 2414 inquirendum
866 2331 983 2391 utrum
1004 2325 1116 2411 aliqua
1137 2326 1272 2392 collusio
1294 2325 1381 2392 inter
1402 2327 1489 2413 ipsos

438 2432 652 2519 Radulphum
675 2433 710 2496 et
732 2428 885 2495 abbatem
907 2449 1004 2514 super
1025 2429 1089 2494 hoc
1109 2429 1350 2506 intervenisset,
1371 2433 1412 2493 ut
1444 2430 1491 2494 sic

438 2534 530 2600 fraus
551 2534 647 2598 fieret
674 2531 809 2598 Statuto
831 2530 882 2596 De
904 2529 1004 2596 terris
1018 2537 1049 2596 at
1063 2529 1260 2597 tommentis
1274 2530 1322 2595 cot
1342 2549 1491 2596 omnam

439 2641 615 2703 amaeam
629 2653 703 2700 aaa
714 2631 887 2718 ponendas
903 2632 1002 2710 edito,
1017 2630 1071 2697 vel
1086 2653 1163 2710 non,
1179 2637 1426 2718 processerunt3
1447 2639 1490 2711 et,

439 2741 606 2825 comperto
637 2757 697 2822 per
732 2733 982 2820 inquisitionem
1020 2733 1119 2812 illam,
1154 2733 1243 2819 quod
1273 2734 1421 2800 remissio
1457 2739 1491 2799 et

440 2836 747 2926 quieta-clamanda
760 2836 928 2922 praedieeae
949 2835 1045 2901 facta
1067 2835 1203 2900 fuerunt
1225 2857 1284 2922 pro
1304 2837 1380 2921 jure
1403 2835 1492 2923 quod

440 2941 542 3006 iidem
564 2939 665 3013 abbas
687 2942 722 3003 et
744 2941 927 3004 conventus
942 2938 985 3014 ,in
1007 2937 1099 3002 dicta
1118 2937 1254 3019 ¹ecclesia
1283 2939 1327 3003 ab
1355 2939 1491 3024 antiquo

440 3042 637 3118 habuerunt,
660 3045 695 3106 et
716 3060 775 3125 pro
798 3039 997 3106 conscientia
1029 3039 1132 3126 ipsius
1165 3037 1334 3126 Radulphi
1364 3041 1401 3104 in
1430 3040 1493 3106 hac

439 3148 534 3233 parte
557 3141 727 3220 servanda,
750 3145 786 3206 et
818 3161 886 3205 non
916 3162 975 3226 per
996 3141 1142 3227 aliquam
1164 3141 1393 3218 collusionem
1415 3163 1493 3208 con·

441 3247 621 3314 sideratnm
642 3243 717 3322 fuit,
739 3246 779 3307 ut
801 3241 1012 3328 dicitur,-per
1033 3243 1163 3308 eosdem
1180 3243 1388 3329 justiciarios,
1405 3245 1493 3330 quod

441 3346 530 3414 idem
552 3345 746 3433 Radulphus
761 3343 847 3409 nihil
868 3349 998 3433 caperet
1019 3365 1078 3430 per
1099 3345 1198 3410 breve
1221 3365 1325 3426 suum,
1342 3350 1376 3412 st
1398 3347 1493 3412 vobis

442 3473 502 3541 per
516 3449 617 3514 breve
640 3447 681 3513 de
698 3447 826 3532 judicio
841 3447 1036 3514 mandatum
1057 3446 1132 3526 fuit,
1148 3449 1246 3534 quod,
1262 3448 1495 3515 nonobstante

442 3551 675 3620 reclamatione
708 3549 855 3635 ejusdem
892 3547 1070 3636 Radulphi,
1108 3550 1217 3638 ipsum
1259 3550 1412 3618 abbatem
1449 3551 1493 3617 ad

443 3655 568 3722 dictam
584 3651 752 3720 ecclesiam
767 3651 989 3718 admitteretis
1003 3675 1012 3732 ς
1034 3673 1095 3717 nos
1109 3651 1205 3740 [qui]‚
1220 3673 1263 3717 ne
1277 3653 1494 3740 possessiones

443 3756 498 3822 vel
526 3755 605 3840 jura
638 3755 810 3820 domorum
833 3751 1059 3840 religiosarum
1090 3755 1132 3819 de
1164 3759 1277 3820 nostro
1306 3760 1495 3842 patronatu,

443 3855 645 3944 temporibus
667 3855 878 3922 vacationum
908 3855 1094 3938 sanandam,
1117 3857 1153 3920 in
1175 3877 1277 3922 manu
1301 3861 1416 3923 nostra
1440 3856 1494 3923 vel

444 3957 690 4048 progenitorum
700 3961 887 4024 nostrorum
899 3957 1121 4037 existentium,
1130 3979 1189 4044 per
1204 3959 1390 4045 aliquorum
1400 3981 1495 4025 usur·

444 4061 595 4148 pationes
615 4057 780 4126 indebitas
803 4058 1041 4125 subtrahantur
1055 4059 1251 4146 aliqualiter,
1273 4061 1329 4127 vel
1350 4060 1494 4127 diminu-

444 4167 553 4240 antur,
577 4163 635 4228 sed
656 4162 700 4228 ad
723 4160 912 4246 hujusmodi
935 4161 1111 4246 subtracta,
1143 4163 1269 4249 siqua
1299 4164 1437 4244 fuerint,
1459 4165 1496 4230 in

446 4269 571 4332 statum
579 4263 757 4352 pristinum
766 4263 957 4345 revocanda,
964 4264 1124 4330 solicitius
1133 4266 1341 4331 extendimus
1350 4271 1495 4333 mentem

444 4372 599 4445 nostram,
613 4387 678 4452 quo
692 4367 735 4432 ad
749 4366 812 4431 hoc
827 4365 960 4432 vinculo
974 4366 1190 4455 astringimur
1198 4368 1389 4454 juramenti,
1401 4369 1496 4436 vobis

448 4469 652 4547 mandamus,
675 4469 772 4555 quod,
788 4469 832 4535 ad
846 4467 1015 4556 praemissa
1028 4471 1321 4537 considerationem
1343 4471 1497 4537 intimam

339 4584 345 4592 '
446 4571 614 4650 habentes,
636 4571 811 4658 praedtooos
833 4571 986 4638 abbatem
1009 4576 1044 4638 et
1065 4577 1265 4640 conventum
1287 4573 1330 4640 ad
1359 4573 1497 4661 pradic—

446 4679 518 4740 tum
539 4673 717 4754 ecclesiam,
728 4673 828 4759 juxta
842 4678 987 4742 tenorem
1005 4675 1155 4763 praedicti
1169 4676 1279 4742 brevis
1301 4676 1342 4742 de
1362 4675 1497 4761 judicio,
