3566 5712
527 793 728 846 aueernuu
750 790 954 846 rmsrnrun
975 795 1217 848 nuumnnrsn
1332 766 1396 854 871

180 985 507 1069 Δοιιοιοο.ι.ἥιιιιιιιιιι,
544 991 664 1064 tenere,
702 1007 746 1053 ex
783 987 889 1056 causis
925 988 1093 1074 praedictis
1132 988 1203 1074 jam
1241 989 1397 1058 duximus
1427 1003 1548 1053 annu.

347 1089 576 1168 ordinandum,
607 1094 774 1176 sperantes
805 1090 894 1176 quod
922 1091 1056 1176 negotia
1086 1090 1244 1177 praedicta
1273 1093 1396 1158 ibidem

347 1191 474 1257 felicius
496 1211 598 1279 quam
616 1191 697 1256 alibi
719 1191 935 1278 adpraesens,
958 1192 1073 1259 divina
1101 1189 1302 1280 suffragante
1333 1197 1396 1261 ele-

350 1294 483 1370 mentia,
499 1294 737 1360 tractabuntur.
782 1292 828 1358 Et
849 1293 924 1360 ideo
946 1294 1040 1360 vobis
1062 1294 1264 1376 mandamus,
1279 1296 1316 1360 in
1330 1296 1395 1361 fide

347 1399 383 1460 et
405 1393 714 1480 dilectionequibus
727 1393 823 1460 nobis
837 1394 1006 1473 tenemini,
1022 1394 1162 1461 firmiter
1175 1397 1395 1482 injungentes,

345 1496 433 1583 quod
466 1497 619 1561 omnibus
649 1495 724 1562 aliie
755 1496 990 1581 praetermissie‚
1013 1497 1102 1562 dieta
1134 1497 1188 1561 die
1222 1497 1396 1565 Dominiea

347 1603 422 1684 post
466 1597 587 1663 festum
632 1597 886 1684 Assumptionis,
931 1599 1019 1684 apud
1064 1597 1393 1665 westmonasterium

347 1701 452 1765 modis
475 1700 626 1765 omnibus
648 1700 862 1785 personaliter
876 1700 1044 1781 intersitis,
1059 1699 1238 1780 nobiseum,
1260 1705 1295 1766 et
1317 1721 1391 1764 oum

343 1802 497 1887 praelatis,
530 1802 741 1888 magnatibus
774 1806 810 1867 et
842 1801 1029 1888 proceribus
1059 1802 1264 1889 supradictis,
1295 1805 1393 1889 super

345 1902 442 1968 dictis
463 1902 605 1991 negotiis
627 1903 810 1981 tractaturi,
833 1907 1045 1990 vestrumque
1066 1903 1238 1969 consilium
1264 1903 1391 1990 impen-

347 2005 435 2084 suri;
458 2005 713 2090 praemunientes
727 2005 867 2091 priorem
887 2008 922 2070 et
937 2005 1126 2090 capitulum,
1140 2004 1392 2084 archidiaconos,

343 2111 515 2194 totumque
538 2107 668 2186 clerum,
691 2107 872 2193 praedictos,
888 2101 976 2191 quod
990 2107 1063 2192 ipsi,
1079 2127 1146 2171 una
1160 2106 1337 2189 vobiscum,
1354 2109 1391 2172 in

342 2209 447 2274 forma
469 2208 635 2294 praedicta,
658 2208 814 2274 intersint
839 2207 944 2272 modis
968 2207 1128 2287 omnibus,
1158 2212 1239 2274 tunc
1268 2209 1391 2273 ibidem

341 2309 385 2375 ad
407 2310 592 2376 faciendum
614 2313 649 2374 et
671 2308 941 2375 consentiendum
963 2308 1027 2374 hiis
1042 2330 1117 2394 quae
1138 2314 1221 2376 tune
1241 2310 1282 2376 de
1305 2331 1392 2376 oom-

345 2412 439 2476 muni
462 2411 604 2490 oonsilio,
619 2411 751 2476 favente
765 2411 917 2492 Domino,
932 2410 1077 2476 ordinari
1098 2411 1273 2498 contigerit
1294 2433 1392 2497 super

341 2513 484 2599 negotiis
522 2512 704 2580 antedictis.
772 2513 818 2578 Et
854 2512 916 2578 hoo
951 2512 1051 2644 nulio
1079 2511 1175 2578 modo
1220 2512 1390 2578 omittatis

346 2614 443 2680 Teste
477 2614 608 2702 meipso,
641 2613 731 2702 apud
765 2610 1145 2701 spalding,vi1·J·⁰.die
1178 2614 1270 2693 Julii,
1303 2635 1390 2681 anno

339 2717 435 2806 regni
456 2717 561 2782 nostri
583 2720 684 2782 sexto

385 2920 431 2985 Et
452 2919 646 2986 mandatum
667 2917 733 2984 fuit
755 2916 886 2984 officiali
907 2916 1132 2998 Dunolmensi,
1154 2918 1251 3005 quod,
1274 2939 1388 2988 seeun-
1400 2943 1543 3038 dmm

344 3021 424 3086 dum
456 3020 637 3087 formam'
627 3041 664 3084 1n
696 3019 864 3106 praemisso
893 3018 988 3086 brevi
1021 3024 1218 3099 contentam,
1239 2996 1531 3147 puoremffittdtffl

343 3123 532 3240 capitutum,
554 3121 819 3190 archidiaconum
852 3127 887 3188 et
909 3122 1039 3202 elerum,
1063 3122 1245 3208 praedictos,
1268 3107 1416 3190 faceretp
1400 3145 1466 3189 οοοιι
1416 3096 1555 3202 weda,

350 3225 552 3311 praemuniri,
574 3223 663 3310 quod
685 3224 783 3290 dictis
805 3205 859 3288 die
881 3229 916 3289 et
937 3224 1014 3304 loco,
1030 3223 1126 3288 modo
1148 3224 1323 3312 praemisso,
1338 3226 1388 3290 in·
1400 3196 1546 3292 ³1¹3th

341 3331 508 3406 teressent,
524 3330 559 3392 et
581 3326 622 3391 de
644 3325 830 3414 praemissis,
852 3324 939 3390 inim
960 3324 1160 3412 quindenam
1182 3329 1257 3410 post
1279 3347 1388 3414 recep-

335 3427 461 3494 tionem
482 3427 703 3516 pmsentium,
725 3426 920 3496 certificaret
942 3425 1111 3491 dominum
1134 3426 1214 3510 quid
1236 3426 1371 3494 iecisset

569 3625 737 3704 Ricardus,
759 3625 970 3712 permissione
1001 3623 1134 3703 Divina,
1156 3625 1386 3692 Dunelmeneis
1398 3644 1543 3694 usne-cor

398 3697 845 3817 datumepiscopus,di1ecte
876 3726 1014 3793 filio..
1045 3727 1242 3795 ..officiali
1272 3735 1384 3795 nostro
1397 3697 1553 3844 {giddffim
1569 3803 1572 3808 ,

337 3830 561 3912 Dunelmensi,
586 3831 732 3909 salutem,
747 3829 887 3916 gratiam
910 3834 945 3893 et
966 3827 1232 3914 benedictionem.
1276 3829 1385 3898 Dileo-
1397 3847 1531 3892 οοιιιιιιοιι

336 3932 380 3997 tis
396 3932 473 3998 filiis
495 3932 746 4020 nostris,pr10re
761 3935 795 3997 e
810 3934 975 3998 conventu
988 3909 1274 4010 Dunelmensibus,
1287 3933 1384 3998 nobis
1395 3897 1552 4045 {effigie}

337 4034 640 4121 significantibues
632 4038 683 4100 mt
668 4033 854 4100 telleximus
876 4032 972 4118 quod,
995 4053 1069 4100 oum
1101 4033 1230 4100 collatio
1253 4032 1384 4118 capellae
1395 4000 1551 4150 33¹0th

343 4135 459 4203 Sancti
481 4134 598 4202 Jacobi
629 4157 726 4222 super
757 4134 898 4200 Pontem
928 4132 971 4198 ed
1005 4153 1058 4198 eos
1092 4133 1264 4218 pertineat,
1287 4139 1322 4200 et
1343 4134 1385 4200 de

330 4238 406 4323 jure
437 4238 556 4303 debeat
586 4237 757 4323 pertinere,
789 4235 957 4322 ipsamque
994 4233 1126 4298 domino
1163 4235 1303 4300 Ricardo
1340 4236 1381 4302 de

336 4340 456 4405 Sancto
480 4339 620 4425 AEgidio,
643 4337 817 4423 capellano,
839 4337 911 4401 viro
934 4337 1029 4400 bonae
1051 4335 1133 4400 vitae
1155 4340 1190 4400 et
1212 4356 1380 4406 eonversa-

334 4442 436 4508 tionis
459 4441 614 4519 honestae,
636 4439 784 4504 caritatis
805 4438 940 4517 intuitu,
952 4435 1110 4501 duxerint
1131 4437 1380 4519 conferendam

332 4569 392 4612 vos
426 4542 631 4610 obstaculum
663 4540 882 4628 interponitis,
904 4543 939 4604 et
961 4539 1062 4604 etiam
1093 4535 1271 4623 impeditis,
1300 4561 1379 4624 quo-

332 4649 442 4714 minus
473 4646 560 4712 idam
594 4631 754 4712 Ridardus
783 4643 905 4710 dietam
938 4642 1094 4730 capellam
1125 4646 1236 4708 tenere
1268 4641 1379 4728 quiete
