3538 5712
401 803 489 869 1130
578 815 779 866 sns1srnou
801 814 1004 866 rmrnrou
1025 815 1270 882 ouunnunrsn

98 1005 104 1016 ·
238 1013 361 1060 annua
396 1001 634 1068 suecessoribus
671 999 800 1077 nostris,
834 999 924 1085 quod
960 998 1025 1087 ipsi
1060 999 1164 1066 libere
1200 1000 1337 1086 possint,
1375 1021 1450 1066 oum
1462 1015 1629 1071 surim

397 1103 571 1180 voluerint,
593 1100 818 1166 molendinum
840 1101 1031 1186 aquaticum
1053 1101 1091 1165 in
1112 1101 1181 1167 solo
1211 1124 1272 1167 suo
1293 1101 1450 1187 praedicto

397 1205 516 1281 lavare,
538 1223 637 1289 super
659 1201 821 1266 sikettum
854 1202 895 1267 de
926 1201 1137 1284 Blakeburn’,
1161 1207 1195 1268 et
1225 1203 1450 1270 molendinum

396 1305 480 1371 illud
502 1306 539 1369 in
561 1304 629 1370 solo
650 1308 770 1382 nostro,
785 1302 875 1368 ultra
896 1303 1060 1378 sikettum
1081 1305 1284 1391 pradictum,
1301 1304 1449 1372 ubicum-

397 1429 462 1495 que
477 1405 653 1482 voluerint,
668 1403 857 1482 attachiare,
872 1409 908 1468 et
921 1409 1075 1491 stagnum
1098 1405 1245 1490 ejusdem
1268 1407 1448 1473 molendini

397 1510 434 1574 in
456 1509 570 1574 eodem
592 1506 661 1572 solo
682 1509 795 1571 nostro
817 1510 1005 1572 oonstmere
1035 1510 1071 1572 et
1098 1528 1258 1593 reparare,
1280 1508 1447 1594 quotiens·

397 1631 525 1696 cunque
559 1606 727 1674 voluerint
758 1606 799 1671 de
830 1611 957 1685 oaetero,
980 1606 1051 1672 sine
1084 1608 1321 1694 impedimento
1343 1611 1447 1676 nostri

397 1733 454 1778 seu
486 1728 704 1776 suceessorum
736 1712 943 1789 nostrorum3
975 1707 1165 1774 habendum
1194 1716 1230 1775 et
1266 1712 1447 1779 tenendum

272 1855 278 1868 ·
322 1855 329 1867 ·
397 1816 587 1878 tenemento
619 1808 780 1895 praedieta
811 1810 849 1873 in
880 1830 940 1874 suo
977 1809 1126 1896 separati·
1154 1832 1229 1876 oum
1268 1815 1446 1896 estoveriis,

398 1933 572 1982 oommuna
593 1915 748 1998 pasturae,
770 1909 938 1992 turbariae,
961 1911 1107 1998 paiterae,
1124 1914 1273 1992 moriers,
1289 1919 1325 1980 et
1346 1917 1447 1982 aesia·

398 2015 520 2082 mentis
553 2011 729 2100 praediotis,
751 2011 911 2098 proedioto
933 2011 1075 2078 Patricio
1097 2019 1132 2078 et
1154 2013 1340 2082 haeredibus
1370 2017 1447 2098 suis,

398 2119 439 2184 de
461 2115 556 2182 nobis
579 2119 615 2180 et
636 2112 874 2179 suecessoribus
888 2113 1018 2191 nostris,
1033 2113 1070 2178 in
1085 2119 1292 2202 perpetuum,
1307 2140 1365 2205 per
1377 2141 1446 2186 sor.

397 2221 521 2286 vitium
543 2218 685 2283 duorum
714 2215 903 2294 solidorum,
925 2215 969 2281 ad
997 2216 1157 2282 terminos
1189 2217 1227 2282 in
1258 2220 1446 2308 episeopatu

396 2317 612 2388 Dunelmensi
634 2315 832 2384 eonstitutos
861 2337 920 2402 per
948 2317 1090 2403 oequalas
1120 2319 1287 2404 portiones
1319 2323 1446 2389 solven-

395 2423 521 2500 dorum,
544 2441 603 2506 pro
637 2417 729 2483 omni
761 2418 906 2496 servitio,
936 2419 1180 2500 eonsuetudine,
1212 2423 1382 2489 exactione
1411 2429 1446 2490 et

396 2523 568 2590 demanda.
613 2520 659 2584 Et
692 2541 752 2584 nos
786 2525 820 2585 et
853 2539 1051 2586 suceessores
1083 2521 1189 2586 nostri
1221 2523 1334 2589 omnia
1354 2531 1445 2591 tone-

395 2630 518 2702 menta,
540 2641 747 2689 oommunam
770 2625 924 2706 pastuum,
946 2621 1104 2688 turonia
1134 2627 1169 2688 et
1189 2623 1335 2709 paiterae,
1357 2647 1445 2693 mar·

394 2727 505 2805 leram,
528 2723 699 2800 estuveria,
722 2727 758 2787 et
778 2722 978 2788 aosiamenta
1000 2723 1165 2809 praediota,
1188 2729 1229 2790 ut
1250 2727 1444 2813 praedictum

395 2831 453 2906 est,
475 2825 635 2914 praedieto
657 2822 801 2889 Patricio
827 2828 862 2888 et
887 2821 1073 2888 haemdibus
1095 2823 1171 2903 suis,
1194 2831 1310 2893 eontra
1331 2851 1443 2897 omnes

392 2927 550 3003 homines,
573 2923 864 2990 warantizabimus
888 2928 923 2989 et
945 2924 1159 2992 defendemus
1180 2927 1218 2991 in
1239 2936 1442 3016 perpetuum

393 3029 436 3093 In
457 3028 551 3114 eujus
572 3026 622 3092 rei
643 3023 883 3103 testimonium,
897 3027 1054 3112 praesenti
1076 3033 1175 3093 oartae
1209 3035 1331 3098 nostras
1354 3032 1442 3121 sigil-

393 3130 462 3195 lum
483 3132 635 3194 nostrum
657 3125 876 3212 apposuimus
932 3127 1009 3194 Hiis
1038 3128 1189 3208 testibus,
1212 3131 1355 3199 dominis
1385 3135 1443 3201 Ri-

393 3229 491 3296 oardo
526 3227 741 3306 Marmeduk‘,
764 3226 910 3294 Waltero
933 3228 974 3293 de
997 3227 1225 3316 Wessington’‚
1247 3233 1374 3300 Thema
1401 3236 1442 3302 de

393 3329 634 3410 Whiteworth',
664 3328 836 3409 militibus,
867 3329 1012 3396 Roberto
1042 3330 1083 3396 ds
1113 3330 1262 3419 Lumley,
1288 3335 1314 3400 J
1315 3335 1442 3404 ohanne

392 3433 435 3499 de
455 3431 611 3516 Birteley,
633 3430 658 3495 J
659 3430 789 3496 ohanne
811 3429 853 3496 de
874 3429 998 3516 Bydik,
1012 3431 1166 3498 Johanue
1188 3433 1258 3500 tilio
1279 3435 1442 3505 Johannis

393 3534 435 3600 de
457 3532 631 3609 Dunelmo,
653 3530 820 3596 Willalmo
841 3530 975 3596 domino
996 3532 1038 3598 de
1061 3531 1214 3613 Nouton’,
1231 3535 1378 3605 Gilberlo
1400 3541 1441 3607 de

392 3635 540 3720 Lumlay,
565 3638 599 3700 et
621 3633 701 3699 aliis.
748 3632 874 3698 Datum
905 3632 1073 3711 Dunelmi,
1095 3632 1181 3720 xxj0.
1204 3636 1258 3702 die
1282 3638 1440 3720 Octobris,

391 3757 479 3803 anno
502 3734 639 3800 Domini
660 3733 835 3800 millesimo
857 3747 934 3802 000⁰.
958 3734 1142 3820 undecimo,
1165 3742 1201 3803 et
1230 3741 1441 3826 pontitioatus

391 3835 497 3904 nostri
519 3834 634 3923 primo.

217 4057 382 4152 ffimll’fl
394 4070 645 4123 confirmatorum
723 4035 898 4102 Universia
922 4034 1047 4103 Christi
1078 4038 1232 4106 fidelibus
1262 4049 1440 4129 praesentes

218 4157 348 4251 l,¹,¹,l,‘¹⁸¹¹⁰¹'
393 4139 425 4190 ue
443 4139 560 4204 Gysebur
559 4137 612 4202 sh'·
677 4137 790 4203 literas
820 4137 1016 4224 inspecturis
1045 4140 1100 4205 vel
1129 4142 1304 4223 audituris,
1327 4145 1442 4212 Rioar·

217 4255 329 4351 ‘'¹¹¹¹ng
325 4257 362 4351 pu
392 4243 463 4321 dus,
485 4239 696 4359 permissione
730 4239 854 4317 divina,
885 4239 1117 4306 Dunelmensis
1148 4243 1324 4331 episeopus,
1354 4248 1441 4314 salu·

217 4317 355 4452 dull?
289 4310 459 4411 arlortem
496 4345 534 4408 in
570 4342 713 4408 Domino
751 4341 991 4427 sempiternam
1054 4341 1196 4410 Noverit
1239 4348 1439 4418 universitas

390 4450 509 4525 vestra,
531 4465 591 4510 nos
613 4443 795 4560 inspexisse
824 4443 1062 4511 consessionem
1093 4449 1129 4510 et
1159 4448 1439 4519 confirmationem

390 4549 486 4614 bonae
509 4546 676 4611 memoriae
698 4543 824 4609 domini
847 4543 994 4626 Walten',
1017 4547 1184 4631 quondam
1205 4550 1438 4622 Dunolmensis

391 4649 545 4736 episeopi,
567 4645 811 4735 predecessoris
832 4645 947 4724 nostri,
976 4645 1097 4714 saetam
1127 4649 1198 4716 Deo
1230 4659 1264 4720 et
1296 4656 1439 4725 eoeleste
