3570 5718
524 789 723 842 00000000
745 787 947 844 00000101
970 791 1211 848 0000100000
1323 773 1390 850 873

173 977 414 1064 sesumalxij.
432 978 468 1048 ti.
500 979 583 1067 xiiij.
601 1001 625 1046 s.
658 979 727 1065 viij.
744 978 785 1057 d,
809 1001 899 1065 quos,
922 981 965 1046 ad
996 980 1192 1046 mandatum
1229 983 1390 1058 nostrum,
1414 987 1537 1036 1121ssss-

343 1081 478 1168 exigitis
501 1083 541 1147 de
563 1081 683 1148 dilecto
697 1081 792 1146 nobis
805 1081 843 1146 in
858 1081 998 1160 Christo,
1014 1083 1132 1148 abbate
1148 1083 1189 1147 de
1205 1082 1390 1168 Alnevvyk’,

343 1205 481 1268 persona
511 1183 719 1250 ecclesiarum
749 1183 791 1248 ds
822 1181 988 1260 Chatton',
1012 1183 1280 1269 Chavelingham,
1304 1183 1390 1250 Fen·

343 1286 423 1365 ton',
457 1284 740 1371 Shupplingbotel‚
772 1283 944 1361 Alneham,
968 1288 1003 1349 et
1033 1285 1206 1364 Lascebiri,
1239 1284 1280 1351 de
1302 1306 1390 1350 arre-

343 1385 443 1471 ragiis
479 1385 619 1450 subsidii
649 1385 837 1450 medietatis
872 1384 1005 1450 domino
1029 1385 1201 1464 Eduardo,
1224 1386 1389 1470 quondam

340 1487 410 1572 regi
431 1487 569 1574 Angliaa,
586 1487 674 1573 patri
696 1489 817 1562 nostro,
833 1506 854 1550 a
868 1485 953 1552 clero
975 1506 1133 1552 concessas
1149 1486 1185 1550 in
1200 1487 1390 1572 episcopatu

342 1591 459 1664 vestro,
480 1587 645 1653 Robertus
677 1587 718 1651 de
739 1585 886 1664 Belliolo‚
913 1587 1078 1672 quondam
1102 1586 1282 1654 vicecomes
1304 1587 1390 1653 Nor·

341 1687 525 1765 thumbriae,
541 1687 649 1768 solvit,
672 1688 715 1753 ad
738 1687 942 1753 Scaccarium
973 1687 1120 1772 ejusdem
1144 1687 1249 1774 patris
1275 1689 1390 1768 nostri,

340 1789 384 1856 xl
399 1788 437 1854 lc‘.
461 1789 502 1854 de
525 1788 672 1854 subsidio
703 1787 860 1874 proedicto
895 1810 953 1874 pro
986 1788 1144 1875 predicto
1181 1791 1302 1856 abbate
1314 1815 1323 1870 ;
1354 1795 1391 1856 et

339 1889 507 1956 Johannes
537 1890 579 1956 do
603 1889 778 1976 Kyrkcby‚
802 1888 968 1975 quondam
999 1891 1178 1957 vicecomes
1213 1892 1391 1960 comitatus

340 1992 489 2076 praedicti
511 1990 612 2056 solvit
643 1990 685 2055 ad
719 1989 924 2056 Scaccarium
958 1990 1109 2076 praedicti
1141 1992 1243 2076 patris
1276 1992 1390 2072 nostri,

340 2113 371 2156 x.
388 2091 425 2158 li.
448 2093 490 2157 de
513 2091 659 2157 subsidio
682 2091 840 2177 praedicto
862 2090 903 2156 dc
926 2090 1060 2156 ecclesia
1081 2090 1123 2156 ds
1147 2091 1309 2170 Ohatt'on’‚
1332 2114 1391 2179 pro

338 2193 496 2278 praedicto
510 2193 650 2272 abbate;
672 2195 707 2256 et
729 2191 899 2256 iohannes
932 2191 973 2256 de
997 2191 1202 2278 Crcppingg',
1226 2194 1392 2276 quondam

340 2295 519 2360 vicecomes
531 2293 707 2359 comitatus
722 2291 883 2378 praedicti,
892 2291 1001 2371 solvit,
1010 2292 1053 2357 ad
1068 2291 1272 2358 Scaccarium
1289 2295 1392 2380 patris

339 2395 445 2460 nostri
467 2394 628 2482 praedicti,
651 2393 697 2460 ix.
711 2393 750 2458 li.
766 2392 812 2477 vj.
827 2414 851 2458 s.
867 2392 938 2478 viij.
954 2391 995 2470 d,
1019 2415 1077 2479 pro
1092 2394 1249 2479 praedicto
1272 2396 1392 2462 abbate

340 2497 381 2562 de
403 2496 553 2582 pluribus
575 2494 703 2561 debitis
754 2495 800 2558 Et
830 2494 904 2559 ideo
938 2494 1031 2561 vobis
1069 2495 1273 2573 mandamus,
1303 2498 1391 2583 quod

338 2598 447 2684 ipsum
469 2597 624 2663 abbatem
646 2616 706 2682 pro
728 2594 872 2661 denariis
893 2595 1060 2682 puedictis
1082 2617 1150 2660 non
1172 2597 1388 2684 distringatis,

339 2705 374 2766 et
396 2700 610 2783 sequestrum,
637 2695 666 2760 si
691 2694 780 2780 quod
802 2695 839 2759 in
858 2695 999 2761 ecclesiis
1014 2697 1081 2760 suis
1097 2697 1262 2782 praedictis
1284 2720 1324 2764 ea
1338 2721 1391 2765 oc·

340 2799 468 2867 casionc
497 2797 619 2884 apponi
648 2795 800 2873 feceritis,
824 2795 895 2861 sine
917 2797 1076 2862 dilatione
1098 2799 1239 2864 relaxari
1261 2799 1390 2866 faciatis

340 2903 451 2966 eidem
513 2899 648 2964 Proviso
686 2898 775 2984 quod
812 2897 980 2963 residuum
1017 2898 1123 2964 debiti
1160 2900 1310 2986 praedicti
1348 2902 1389 2968 de

339 3004 451 3069 eodem
473 3002 592 3067 abbate
613 2999 752 3080 levetur,
774 2997 839 3064 nisi
862 2999 1104 3065 rationabiliter
1126 3005 1308 3067 monstrare
1331 3025 1389 3089 po·

339 3104 418 3170 terit
443 3117 551 3170 coram
573 3101 678 3178 vobis,
693 3121 727 3165 sc
743 3100 821 3164 inde
837 3100 1061 3166 collectoribus
1084 3101 1222 3166 subsidii
1237 3105 1388 3188 praedicti

339 3205 496 3292 predicto
511 3202 599 3290 patri
620 3206 734 3267 nostro
749 3207 808 3267 aut
823 3202 918 3267 nobis
933 3201 1135 3268 satisfecisse.
1160 3203 1265 3282 Teste,
1281 3204 1330 3268 W.
1346 3206 1388 3272 da

340 3305 501 3384 Norvvico,
518 3303 607 3390 apud
622 3301 961 3380 westmonasterium,
976 3302 1096 3387 xxvijo.
1112 3303 1165 3368 die
1180 3304 1205 3369 ,J
1205 3304 1285 3384 unii,
1301 3325 1388 3371 anno

340 3407 431 3495 regni
446 3405 550 3472 nostri
566 3402 802 3490 quinta-Per
817 3407 884 3468 tras
900 3403 1123 3472 contratallias
1137 3403 1180 3468 de
1195 3403 1388 3474 Sccaccario.

341 3638 607 3703 crevecommrega
684 3599 877 3676 Edwardus,
908 3599 972 3664 Dei
1008 3599 1124 3686 gratio,
1161 3622 1219 3666 rex
1248 3603 1534 3723 Angliaemffinffi·

341 3723 388 3772 pro
398 3706 501 3757 comino
511 3705 610 3756 Thema
644 3701 797 3765 dominus
829 3700 1009 3778 Hiberniae,
1031 3706 1066 3766 et
1098 3701 1167 3766 dux
1188 3692 1535 3788 Aquitanicaaaaopai'

342 3771 579 3837 ‘¹⁰⁰⁰ld“b⁰¹⁸h’'
647 3801 826 3868 venerabili
863 3803 899 3869 in
938 3801 1072 3869 Christo
1102 3805 1199 3891 patri,
1237 3777 1536 3889 11100010,111111Ὴιο

342 3899 456 3965 cadem
467 3897 583 3986 gratia,
595 3901 744 3988 episcopo
756 3902 1137 3983 Dunolmensi,salutem.
1165 3906 1286 3973 Sciatis
1300 3909 1389 3993 quod
1400 3877 1483 3930 'mh'

342 4001 485 4066 Thomas
507 4002 547 4066 de
570 4001 814 4090 Goldesburgh',
829 4026 968 4090 persona
996 4006 1139 4071 ecclesiae
1161 4006 1203 4071 de
1218 4007 1388 4095 Esington’

342 4103 442 4169 solvit
464 4103 567 4182 nobis,
589 4105 632 4169 ad
656 4105 860 4171 Scaocerium
891 4111 1050 4182 nostrum,
1072 4128 1131 4191 pro
1165 4108 1271 4194 priore
1294 4109 1388 4174 Dun-

341 4204 487 4284 elmensi,
511 4204 679 4271 collectore
701 4205 841 4270 subsidii
874 4205 1062 4272 medietatis
1096 4201 1203 4272 clare
1224 4211 1388 4278 memoriae

341 4306 474 4371 domino
508 4306 681 4386 Eduardo,
703 4306 870 4392 quondam
904 4307 973 4393 regi
995 4305 1135 4394 Angliae,
1157 4309 1244 4394 patri
1266 4318 1387 4394 nostro,

341 4429 362 4472 a
383 4407 467 4473 clero
490 4407 616 4471 dudum
638 4428 806 4485 concessa,
828 4408 864 4471 in
887 4408 1076 4494 episcopatu
1098 4411 1262 4496 pradicto,
1277 4413 1321 4480 lm
1338 4413 1385 4494 a,

341 4529 422 4594 quas
443 4507 530 4573 idem
555 4508 695 4574 Thomas
717 4509 812 4573 nobis
846 4508 961 4574 debuit
997 4510 1038 4574 de
1061 4511 1207 4576 subsidio
1229 4515 1386 4600 praedicto

341 4611 508 4679 ecclesiam
530 4631 624 4674 suam
649 4610 840 4696 praedictam
864 4610 1081 4698 contingente.
1129 4611 1175 4677 Et
1196 4613 1270 4680 ideo
1292 4618 1386 4684 vobis

342 4716 545 4793 mandamus,
560 4715 648 4801 quod
663 4713 835 4792 exactioni,
847 4734 946 4800 quam
961 4715 1005 4780 ad
1019 4715 1211 4784 mandatum
1227 4723 1384 4804 nostrum,
