3570 5718
410 773 476 836 868
591 782 790 834 naursnaun
814 783 1012 834 nnmmuuu
1035 783 1275 834 nuunnnnusn

260 994 381 1039 annua
408 970 567 1059 originale
601 971 688 1058 quod
711 971 848 1059 praefata
880 971 966 1037 Lora
998 970 1127 1051 detulit,
1149 970 1186 1034 in
1209 969 1300 1036 ouria
1331 973 1453 1045 nostra,
1466 979 1629 1038 anum.

408 1093 523 1138 versus
555 1077 705 1139 tenentes
739 1074 775 1137 in
809 1072 942 1139 reoordo
973 1071 1171 1152 nominatos,
1205 1070 1300 1136 vobis
1334 1071 1457 1135 adtune

408 1196 477 1239 non
502 1175 661 1253 misimus,
684 1174 772 1261 quod
794 1175 831 1239 in
852 1173 948 1240 brevi
970 1173 1096 1238 domini
1128 1172 1214 1260 regis
1237 1172 1329 1237 nulla
1354 1170 1457 1237 fiebat

408 1276 533 1342 mentio
555 1276 596 1342 de
625 1275 720 1342 brevi
751 1277 864 1342 nostro
895 1273 1049 1362 originali
1070 1273 1166 1340 vobis
1188 1271 1355 1339 mittendo
1367 1297 1376 1354 3
1397 1293 1457 1338 neo

408 1377 508 1444 breve
540 1376 624 1441 iilud
645 1375 741 1443 vobis
763 1377 806 1442 ad
835 1397 979 1462 praesens
1009 1376 1142 1441 mittere
1174 1395 1356 1462 possumus,
1379 1373 1457 1460 quia

408 1477 495 1542 idem
518 1478 616 1544 breve
631 1485 690 1556 est,
705 1481 740 1543 et
761 1477 835 1559 fnit,
850 1476 887 1542 in
902 1475 1051 1543 custodia
1072 1473 1200 1542 domini
1222 1473 1392 1541 lamberti
1414 1473 1455 1538 de

408 1578 646 1666 Trikyngham,
680 1577 829 1666 capitalis
860 1577 1040 1664 justiciarii
1077 1576 1203 1657 nostri3
1239 1575 1293 1642 arri
1322 1573 1456 1661 quidem

407 1679 541 1746 domino
563 1679 747 1761 Lamberto,
771 1678 808 1744 in
830 1679 981 1766 partibus
1003 1677 1204 1745 australibus
1226 1673 1455 1758 eommoranti,

406 1803 467 1870 pro
488 1781 577 1848 dicto
598 1781 693 1848 brevi
708 1781 804 1848 vobis
825 1780 999 1862 mittendo,
1014 1783 1049 1847 et
1070 1800 1180 1846 eoram
1203 1779 1296 1845 vobis
1318 1777 1456 1843 ulterius

406 1903 466 1968 per
487 1904 547 1949 nos
569 1883 612 1950 ad
626 1883 780 1970 praefatas
794 1883 926 1948 ootabas
940 1881 1056 1948 Sancti
1069 1881 1232 1947 Johannis
1247 1879 1455 1958 retornando,

406 1986 563 2052 mandare
595 2006 663 2051 non
695 1983 872 2070 potuimus,
903 2003 965 2050 neo
1001 1982 1081 2049 seire
1122 1982 1227 2048 faeere
1264 1980 1454 2048 tenentibus

404 2083 580 2174 praedietis,
595 2090 728 2173 propter
749 2085 905 2172 temporis
918 2083 1117 2150 brevitatem
1139 2089 1214 2172 post
1235 2083 1453 2170 reoeptionem

404 2189 501 2255 istius
523 2189 642 2256 brevis.

236 2333 360 2427 W⁸¹
552 2387 560 2422 ¹
646 2323 697 2388 De
719 2322 814 2387 bonis
836 2321 918 2387 alias
938 2343 995 2408 por
1017 2342 1077 2386 nos
1092 2322 1304 2406 sequestratis
1325 2320 1452 2387 levavi·

236 2385 391 2536 ‘pff-Q
403 2389 544 2442 &tomum
564 2391 676 2495 b'mns
697 2423 741 2490 xi
765 2422 873 2502 libras,
896 2443 978 2508 quas
1007 2443 1106 2508 penes
1135 2443 1196 2488 nos
1226 2422 1394 2501 habemus,
1417 2427 1451 2488 et

402 2522 498 2588 vobis
519 2522 563 2589 ad
584 2546 728 2612 praesens
750 2544 819 2590 non
841 2521 1015 2600 mittimus,
1033 2528 1169 2610 propter
1191 2523 1373 2610 perieulum
1396 2523 1452 2590 de·

401 2623 614 2710 praedationis
628 2625 666 2690 in
687 2625 815 2703 itinere,
834 2647 893 2711 per
922 2625 1093 2712 pradones
1122 2623 1317 2690 insidiantes
1351 2625 1450 2690 itine-

401 2725 553 2791 rantibus
575 2725 804 2812 multiplioiter
825 2726 891 2791 hiis
913 2725 1036 2792 diebus
1082 2726 1129 2791 Et
1151 2725 1260 2812 quoad
1281 2726 1449 2792 residuum

401 2823 564 2904 bonorum
587 2830 874 2913 sequestratum,
896 2846 1017 2913 magna
1039 2847 1115 2914 pars
1137 2827 1317 2892 eorundem
1339 2849 1450 2914 aspor-

402 2930 476 2992 tata
498 2931 557 3006 est,
581 2932 615 2994 et
638 2932 841 3015 consumpta,
856 2949 913 3014 per
940 2927 1062 3006 Seotos,
1086 2927 1144 3014 qni
1173 2928 1341 2994 hostiliter
1369 2932 1449 2995 sunt

401 3026 541 3114 ingressi
564 3029 788 3116 episcopatum
810 3034 969 3107 nostrum,
993 3051 1052 3116 per
1075 3029 1157 3095 duas
1178 3029 1276 3109 vices,
1301 3036 1379 3117 post
1400 3053 1449 3098 re·

401 3128 584 3214 ceptionem
606 3129 704 3196 istius
725 3129 859 3210 brevis;
881 3134 916 3195 et
938 3135 1067 3217 partem
1089 3129 1253 3196 residuam
1267 3137 1450 3217 sequestra·

401 3234 471 3296 tam
504 3229 617 3296 nullus
648 3230 751 3296 audet
783 3251 898 3310 emere,
920 3235 1054 3318 propter
1082 3229 1240 3320 iteratum
1266 3254 1449 3320 regressum

402 3331 581 3397 eorundem
615 3331 804 3400 Scottorum
828 3334 866 3400 in
887 3332 1047 3420 proximis
1069 3337 1237 3419 speratum
1266 3335 1303 3398 in
1325 3335 1448 3423 episeo-

401 3438 518 3518 patum
555 3433 758 3520 praedictum.
813 3436 859 3500 Et
889 3433 998 3521 quoad
1029 3439 1134 3499 totam
1172 3455 1332 3500 summam
1369 3436 1449 3502 resi·

401 3532 510 3611 duam,
532 3555 600 3599 non
621 3540 870 3622 sequestratam,
893 3555 961 3600 non
994 3534 1183 3601 invenimus
1217 3535 1327 3621 aliqua
1359 3535 1447 3600 bona

400 3633 668 3700 beneficiatorum
709 3637 956 3703 nominatorum
989 3635 1026 3702 in
1062 3633 1158 3701 brevi
1189 3655 1251 3702 nea
1280 3635 1378 3703 blada
1409 3639 1446 3701 in

400 3735 496 3801 terris
519 3735 702 3803 eresaentia

231 3868 364 3965 unsunffir
398 3911 421 3962 B
547 3911 553 3925 .
728 3860 920 3942 Edwardus,
958 3861 1022 3928 Dei
1058 3863 1176 3950 gratia,
1210 3884 1269 3927 rex
1305 3861 1446 3950 Angliae,

229 3920 639 4068 ffiffifsi‘aii'ii‘sii?
672 3961 825 4028 somnus
854 3961 1035 4041 mnemia,
1072 3969 1108 4030 er
1137 3964 1207 4029 dux
1245 3963 1445 4050 Aquitania,

263 4122 265 4126 .
334 4102 340 4117 ·
397 4043 463 4108 hap.
671 4062 854 4128 venerabili
875 4063 912 4127 in
936 4063 1069 4130 Christo
1099 4063 1196 4150 patri,
1220 4065 1370 4143 Rioardo,
1393 4085 1446 4129 ea·

397 4159 472 4226 dem
494 4161 614 4249 gratia,
638 4161 853 4230 Dunelmensi
882 4165 1041 4252 episeopo,
1065 4165 1212 4230 satutem.
1259 4164 1347 4244 Quia
1377 4163 1446 4252 pla-

396 4261 498 4326 citum
530 4269 582 4328 est
603 4264 640 4328 in
662 4265 753 4331 ouria
774 4269 895 4343 nostra,
918 4285 1027 4332 eoram
1049 4264 1228 4332 baronibus
1251 4266 1292 4331 de
1315 4265 1447 4332 Smena·

395 4361 444 4425 rio
476 4369 598 4442 nostro,
634 4365 723 4430 inter
755 4366 951 4452 magistrum
983 4366 1166 4432 Henriaum
1204 4367 1245 4432 de
1282 4366 1446 4453 Botheby,

393 4483 565 4546 personam
588 4465 731 4533 eeolesiae
753 4466 794 4531 ds
810 4467 970 4554 Stanhop,
985 4473 1185 4552 querentem,
1200 4473 1236 4535 et
1249 4468 1446 4556 magistrum

724 4633 734 4669 ¹
750 4635 833 4701 Seep.
846 4635 995 4700 861,er
1006 4637 1112 4704 margin.
