3562 5710
318 867 321 872 ,
437 803 525 876 1074
618 815 817 870 nnsrsrsun
838 815 1041 870 rmnruu
1064 816 1308 869 suammet

285 1024 410 1074 nunna
434 1008 527 1074 illam
550 1006 638 1094 quod
660 1005 806 1074 remissio
820 1011 856 1073 et
877 1006 1184 1093 quieta-clamantis
1205 1007 1372 1096 praedicta
1394 1006 1665 1079 munitas

434 1111 569 1177 fisemnt
601 1131 660 1196 pro
688 1109 773 1195 jure,
804 1108 892 1196 quod
925 1109 1007 1176 dieti
1039 1108 1141 1176 abbas
1171 1113 1206 1176 et
1241 1113 1424 1176 conventus
1453 1111 1490 1176 in

436 1211 527 1280 diota
550 1209 684 1278 ecclesia
706 1211 750 1276 ab
771 1210 910 1296 antiquo
932 1210 1130 1289 habuerunt,
1153 1213 1188 1276 et
1210 1231 1270 1298 pro
1291 1210 1490 1279 conscientie

436 1313 542 1402 ipsius
574 1311 744 1399 Radulphi
778 1312 815 1377 in
836 1312 899 1380 hae
921 1317 1015 1399 parts
1048 1311 1238 1391 serenando,
1272 1317 1307 1379 et
1337 1333 1407 1378 non
1431 1335 1489 1399 per

437 1417 584 1502 aliquam
607 1414 828 1494 collusionem,
854 1414 1096 1482 consideratum
1118 1414 1186 1480 fuit
1214 1436 1273 1502 per
1290 1414 1488 1501 justiciarioe

438 1517 622 1605 praedictos,
656 1516 745 1602 quod
784 1516 873 1582 idem
912 1516 1107 1604 Radulphus
1143 1515 1228 1582 nihil
1264 1522 1395 1604 caperet
1430 1539 1487 1604 per

438 1619 541 1684 breve
573 1637 680 1696 suum,
707 1623 741 1684 et
769 1617 949 1705 pradictus
984 1618 1086 1684 abbas
1117 1617 1195 1683 inde
1225 1618 1389 1684 recederet
1419 1619 1488 1684 sine

441 1721 514 1797 die;
531 1739 601 1801 vos,
616 1722 657 1784 ut
671 1720 863 1806 accepimus,
874 1719 965 1786 nullo
981 1719 1096 1786 habito
1111 1723 1260 1806 respectu
1271 1720 1490 1808 adpraemissa

307 1875 310 1880 .
445 1821 621 1909 praedictos
643 1821 799 1888 abbatem
821 1827 857 1888 et
878 1826 1088 1901 conventum,
1111 1823 1149 1887 in
1169 1822 1372 1910 possessione
1394 1822 1489 1890 diota

443 1924 595 2004 ecclesiae,
629 1927 790 2011 tanquam
823 1924 871 1989 eis
908 1923 1138 2011 appropriata,
1169 1945 1274 2012 nuper
1305 1925 1490 2004 existentes,

439 2048 462 2092 a
492 2023 694 2113 possessione
729 2023 788 2089 illa
819 2024 855 2090 vi
886 2030 920 2090 et
951 2025 1052 2091 armis
1091 2025 1239 2112 ejecistis,
1265 2029 1300 2092 et
1323 2025 1490 2094 eeclesiam

323 2156 325 2165 ·
439 2127 532 2194 illem
564 2125 693 2193 cuidam
715 2125 831 2194 clerieo
853 2131 963 2192 vestro
985 2125 1179 2208 contulistis,
1204 2127 1263 2214 qui
1284 2149 1357 2193 eam
1379 2126 1491 2193 taliter

440 2229 570 2296 detinet
606 2231 809 2315 occupatam,
838 2227 875 2294 in
906 2227 1053 2315 ipsorum
1086 2228 1218 2294 abbatis
1249 2233 1284 2294 et
1308 2234 1489 2297 conventus

443 2330 653 2418 dispendium
699 2351 768 2396 non
813 2329 990 2411 modicum,
1029 2335 1064 2396 et
1102 2330 1379 2418 appropriationis
1423 2354 1489 2398 sun

443 2435 610 2522 predicta
624 2432 870 2499 enervationem
886 2431 1106 2500 manifestam.
1152 2432 1216 2498 Per
1237 2431 1326 2519 quod
1347 2453 1417 2512 nos,
1431 2455 1489 2520 pro

440 2557 480 2602 eo
498 2535 587 2621 quod
609 2535 653 2600 ad
669 2534 748 2620 jura
770 2538 805 2599 et
826 2534 1045 2621 possessiones
1068 2533 1241 2600 domorum
1255 2533 1489 2620 religiosarum,

439 2637 481 2702 de
505 2641 617 2702 nostro
647 2639 835 2722 patronatu,
866 2636 995 2704 ratione
1017 2636 1229 2704 vacationum
1251 2637 1429 2702 earundem
1452 2638 1489 2702 in

439 2758 541 2804 manu
562 2741 676 2803 nostra
698 2737 923 2816 existentium,
946 2738 1077 2826 integre
1090 2742 1125 2803 et
1138 2737 1242 2804 illaesa
1256 2739 1489 2819 conservanda,

439 2842 474 2906 et
489 2839 519 2904 si
534 2861 608 2926 quae
629 2839 831 2926 temporibus
853 2840 1063 2908 vacationum
1085 2839 1262 2906 earundem
1284 2861 1343 2927 per
1364 2841 1490 2927 aliquos

439 2941 563 3008 firerint
601 2941 770 3009 subtracta
803 2947 837 3007 et
870 2947 1036 3029 occupata,
1068 2941 1105 3007 in
1141 2947 1266 3007 statum
1311 2941 1489 3028 pristinum

441 3042 636 3130 reponenda,
659 3042 793 3110 vinculo
815 3044 957 3131 astringi
972 3043 1173 3109 dinoscimur
1182 3043 1373 3131 juramenti,
1396 3044 1490 3112 vobis

440 3143 671 3211 mandavimus
731 3145 827 3230 quod,
866 3147 910 3211 ad
969 3144 1137 3232 praemissa
1196 3145 1490 3213 considerationem

444 3247 599 3312 intimem
643 3245 812 3324 habentes,
860 3247 903 3315 ab
941 3245 1133 3332 hujusmodi
1176 3246 1413 3334 impedimento
1456 3252 1491 3314 et

444 3348 684 3436 inquietatione
706 3347 829 3414 eisdem
859 3347 975 3415 abbati
998 3353 1032 3414 et
1054 3349 1233 3415 conventui
1255 3349 1292 3414 in
1313 3349 1376 3418 hae
1397 3355 1490 3437 perte

445 3451 586 3519 ferendis
616 3449 819 3529 desistentes,
853 3449 1128 3538 collationemque
1159 3455 1312 3531 vestram,
1350 3453 1379 3517 si
1415 3475 1490 3539 quae

444 3574 504 3642 per
525 3572 585 3619 vos
607 3552 685 3618 inde
711 3551 800 3618 facta
827 3550 953 3631 fuisset,
975 3552 1108 3640 penitus
1138 3560 1337 3634 revocantes,
1361 3555 1490 3621 medem

444 3655 598 3723 abbatem
629 3657 665 3719 et
686 3654 885 3719 conventum
915 3655 1118 3740 possessione
1151 3677 1211 3723 sua
1241 3661 1276 3722 et
1308 3661 1400 3723 statu
1430 3679 1489 3724 suo

445 3755 585 3843 pristino
622 3754 659 3819 in
696 3753 830 3821 ecclesia
859 3755 1027 3842 praediota,
1053 3757 1155 3842 juxta
1192 3760 1489 3847 appropriationem

442 3855 643 3946 predictam,
681 3855 823 3942 gaudere
866 3856 1000 3943 pacifice
1036 3859 1278 3944 permitteretis,
1316 3861 1365 3928 ita
1402 3862 1490 3948 quod

444 3979 511 4025 non
543 3960 708 4044 oporteret
733 3977 793 4022 nos
826 3957 863 4022 in
894 3959 998 4024 vestri
1030 3959 1195 4026 defectum
1226 3962 1269 4054 ed
1300 3963 1361 4028 hoo
1392 3963 1490 4029 aliter

444 4079 607 4148 apponere
622 4079 758 4126 manum
780 4063 948 4142 nostram3
971 4061 1013 4126 de
1035 4083 1101 4148 quo
1123 4061 1208 4128 nihil
1222 4063 1328 4132 meere
1343 4067 1489 4145 curastis,

442 4167 483 4229 ut
513 4159 744 4240 intelleximus,
768 4162 858 4227 unde
886 4162 1089 4229 admiramur
1116 4164 1303 4250 plurimum,
1329 4188 1398 4233 non
1429 4169 1490 4233 im·

444 4263 573 4344 me1ito,
589 4267 624 4328 et
644 4284 823 4331 movemur.
867 4263 913 4329 Et
935 4264 1014 4350 quia
1035 4265 1174 4332 ulterius
1200 4267 1404 4335 dissimulare
1421 4291 1489 4336 non

377 4385 381 4392 ·
447 4365 602 4445 valemus,
619 4365 701 4450 quin
722 4365 766 4430 ad
787 4364 979 4452 hujusmodi
1001 4365 1140 4453 injurias
1163 4371 1199 4433 et
1220 4369 1400 4457 dispendia,
1414 4372 1490 4438 tali·

446 4472 497 4533 ter
529 4467 568 4531 in
602 4465 685 4532 dicti
719 4467 822 4554 patris
857 4467 963 4532 nostri
996 4471 1031 4533 et
1061 4469 1166 4535 nostri
1200 4471 1434 4559 praejudieium,
1456 4481 1491 4541 et

453 4568 550 4635 diotae
573 4567 714 4635 ecelesiae
740 4567 857 4635 Sancti
871 4569 995 4637 Albani
1018 4570 1323 4650 exhaeredationem,
1345 4579 1492 4663 tempore

455 4691 520 4755 quo
551 4668 639 4736 idem
675 4675 769 4758 peter
790 4677 902 4741 noster
915 4672 1000 4759 *jura
1028 4673 1173 4760 ejusdem
1195 4675 1339 4746 abbatiae
1360 4675 1491 4767 integra
