3452 5702
489 731 691 784 nuorsrnuu
713 729 913 782 ermrmuu
935 731 1176 788 curruumsu
1296 718 1361 790 74³

137 925 298 981 ΜΡΝ·
316 924 406 1002 dene,
421 920 556 988 nomine
570 919 697 986 domini
711 920 771 1001 sui,
785 921 825 1012 in
843 921 950 988 forma
967 921 1054 1007 juris
1068 923 1230 1010 posuisset
1252 945 1361 992 coram
1393 931 1450 978 AB·
1458 936 1516 980 1³1³·

312 1024 408 1092 vobis
430 1023 675 1111 inquisitionem
698 1028 732 1090 et
754 1022 1061 1092 condemnationem
1090 1027 1271 1113 praedictas,
1295 1027 1360 1092 dic·

309 1133 448 1215 tumque
469 1147 654 1216 processum
676 1176 685 1194 .
709 1177 717 1194 .
739 1176 748 1194 .
769 1125 916 1192 officialis
930 1129 1036 1194 vestri
1058 1127 1096 1192 in
1118 1129 1180 1200 hac
1194 1134 1296 1217 parte,
1319 1131 1360 1196 de

311 1230 405 1309 fecto,
429 1233 464 1296 et
484 1251 552 1296 non
574 1230 615 1296 de
632 1229 718 1316 jure,
732 1234 773 1295 ut
794 1229 1021 1316 praemittitur,
1044 1230 1207 1314 habitum,
1235 1253 1360 1299 necnon

239 1377 244 1386 ·
308 1333 500 1400 mandatum
515 1336 663 1398 vestrum
677 1352 776 1418 super
790 1332 982 1399 executione
997 1333 1187 1420 hujusmodi
1202 1333 1359 1414 facienda,

309 1440 343 1500 et
376 1435 533 1522 quicquid
563 1434 675 1500 exeis
706 1433 917 1500 subsecutum
947 1435 1066 1518 fuerat,
1089 1437 1182 1502 nulla
1213 1439 1254 1503 de
1281 1437 1359 1524 jure

307 1537 414 1615 brisso,
447 1541 481 1602 et
515 1558 604 1618 esse;
636 1541 671 1603 et
702 1536 833 1602 etiamsi
865 1537 1035 1625 praemissa
1067 1538 1180 1624 eliqua
1211 1539 1252 1605 de
1281 1540 1357 1626 jure

307 1641 372 1708 dici
402 1645 546 1727 possent,
569 1639 675 1706 dictus
710 1646 822 1705 tamen
854 1645 968 1721 rector,
990 1640 1070 1706 dum
1093 1641 1189 1722 vixit,
1219 1643 1357 1729 praedic·

307 1745 379 1808 tum
411 1741 596 1808 manerium
617 1742 765 1808 rectoriae
798 1742 940 1808 ecclesiae
963 1743 1137 1829 praedictae,
1161 1743 1203 1808 de
1225 1765 1290 1832 quo
1320 1745 1357 1809 in

219 1889 227 1902 .
309 1843 523 1930 inquisitione
561 1843 719 1932 praedicta
755 1843 796 1911 fit
832 1845 968 1925 mentio,
1006 1845 1241 1912 convenienter
1277 1845 1357 1912 iecit

226 1965 229 1972 ·
307 1945 476 2025 aedificare,
508 1951 544 2014 et
565 1966 775 2033 quoscunque
806 1945 961 2027 defectus,
982 1946 1025 2011 ad
1049 1967 1130 2032 quos
1159 1949 1357 2034 reparandos

305 2049 490 2125 tenebatur,
514 2069 684 2134 reparer03
705 2052 854 2133 tempore
876 2048 977 2112 etiam
1007 2049 1123 2112 mortis
1145 2071 1214 2115 suae
1244 2051 1359 2136 hujus·

306 2151 398 2214 modi
420 2150 566 2216 defectus
588 2149 775 2235 quiumque
791 2147 974 2214 extiterant
988 2149 1153 2235 repareti3
1176 2154 1210 2216 et
1224 2151 1261 2228 si,
1276 2155 1360 2216 tem·

308 2273 386 2338 pore
416 2252 587 2338 praedictae
616 2250 851 2338 inquisitionis,
875 2249 960 2316 tales
989 2247 1135 2317 defectus
1165 2253 1359 2332 extiterunt,

308 2353 350 2418 de
383 2352 504 2439 quibus
526 2356 757 2420 commemorat
778 2353 851 2438 ipse
880 2351 1059 2436 inquisitio,
1082 2353 1275 2439 hujusmodi
1305 2355 1360 2420 de·

308 2455 415 2523 fectus
438 2466 639 2522 emememnt
661 2455 702 2520 de
723 2475 821 2533 novo,
842 2459 918 2541 post
939 2460 1079 2521 mortem
1109 2457 1259 2543 praedicti
1290 2477 1359 2522 rec·

307 2560 396 2638 toris,
417 2580 478 2646 per
498 2579 650 2647 guerram
673 2561 707 2624 et
738 2556 999 2624 combustionem
1032 2556 1214 2638 Scotorum,
1237 2557 1358 2646 quibus

306 2661 414 2728 resisti
445 2682 514 2727 non
547 2664 678 2748 poteret
711 2659 963 2746 quoquomodo;
999 2660 1042 2726 ad
1074 2682 1148 2746 quee
1178 2662 1356 2749 probanda,

307 2767 469 2849 quatenus
492 2764 675 2841 tenebatur,
698 2763 822 2828 obtulit
843 2783 879 2827 se
912 2766 1089 2849 paratum3
1111 2763 1258 2842 euobis,
1280 2786 1356 2830 cum

306 2866 476 2945 instantia,
498 2871 613 2953 petens
643 2864 812 2952 praemiesa
834 2864 953 2942 omnia,
976 2863 1235 2950 inquisitionem,
1264 2865 1356 2931 vide-

306 2969 382 3036 licet
394 2993 404 3051 ;
437 2968 753 3047 condemnationem,
787 2967 982 3032 mendetum
1019 2965 1060 3031 de
1091 2968 1292 3052 exequendo,
1323 2974 1358 3034 et

307 3071 463 3158 quicquid
494 3093 536 3137 ex
567 3071 614 3136 eis
635 3069 848 3136 subsecutum
877 3068 995 3150 fuerat,
1019 3073 1182 3155 quatenus
1204 3069 1245 3136 de
1270 3069 1357 3136 iacto

307 3177 538 3260 processerant,
562 3193 623 3260 per
653 3193 713 3239 vos
745 3170 892 3237 revocari
914 3175 949 3235 et
980 3171 1109 3252 casseri,
1132 3171 1224 3237 nulle
1245 3173 1357 3252 etiam,

308 3281 341 3342 et
363 3277 466 3355 irrita,
489 3273 709 3362 pronunciari,
732 3272 886 3359 dictoque
909 3271 1043 3338 domino
1066 3295 1137 3354 suo,
1152 3279 1187 3340 et
1209 3273 1272 3338 sibi
1288 3275 1358 3361 ejus

307 3379 448 3456 nomine,
471 3377 599 3444 voeatis
622 3375 689 3442 illis
711 3395 851 3461 quorum
873 3373 1035 3456 interfuit,
1060 3379 1094 3440 et
1127 3373 1185 3460 qui
1218 3376 1359 3441 vocandi

307 3480 446 3560 fuerant,
465 3479 635 3566 justitiam
668 3478 705 3542 in
736 3475 914 3564 praemissis
938 3476 1085 3542 debitam
1108 3473 1277 3559 exhibe1i3
1299 3499 1359 3543 vos

307 3587 420 3649 temen
452 3581 562 3669 ipsum
585 3579 770 3666 superbiis
791 3578 915 3658 audire,
932 3598 990 3642 seu
1011 3577 1178 3666 praemissa
1198 3600 1357 3664 revocare,

267 3675 269 3678 ⁵
308 3690 367 3752 aut
385 3685 553 3771 justitiam
576 3681 721 3748 debitam
743 3682 780 3745 in
802 3680 863 3746 bac
885 3685 978 3767 parte
992 3681 1105 3761 facere,
1129 3704 1195 3748 non
1210 3685 1357 3765 curastis,

312 3787 431 3874 saepius
452 3791 487 3852 et
508 3784 690 3850 instantius
713 3783 872 3870 requisiti.
917 3783 1055 3871 Propter
1078 3805 1160 3871 quse,
1187 3788 1357 3852 eteorum

314 3889 492 3974 quodlibet,
506 3890 706 3954 memoratus
723 3889 922 3973 procurator,
938 3887 1082 3952 sentiens
1105 3885 1231 3950 dictum
1254 3885 1353 3950 domi·

312 4013 394 4058 num
424 4011 518 4056 suum
540 4009 678 4077 perros
707 3988 855 4054 indebite
877 3989 1084 4076 praegreveri,
1106 3986 1206 4052 curiae
1236 3985 1360 4050 Ebora·

316 4094 414 4173 censi,
436 4094 567 4159 nomine
597 4092 831 4179 procuratorio,
855 4111 915 4176 pro
946 4089 1059 4155 eodem
1094 4087 1250 4174 legitime,
1274 4089 1359 4155 siout

314 4197 440 4275 asserit,
475 4195 660 4284 appellavit
722 4193 883 4275 Quocirca
929 4189 1118 4256 reverendae
1164 4191 1361 4275 paternitati

314 4304 440 4379 vestroe,
455 4320 530 4367 cum
553 4319 593 4364 ee
614 4296 801 4364 reverentia
823 4315 897 4382 quae
920 4294 1022 4370 decet,
1045 4291 1241 4358 auctoritate
1264 4292 1362 4360 diotae

317 4402 425 4483 curiae,
447 4400 589 4467 firmiter
624 4399 821 4476 inhibemus,
852 4401 887 4463 et
909 4416 967 4484 per
1004 4416 1064 4460 vos
1096 4393 1249 4460 omnibus
1280 4395 1362 4475 aliis,

314 4506 433 4593 quibus
462 4505 518 4591 jus
540 4501 685 4569 inhiberi
718 4500 824 4588 exigit
846 4504 880 4565 et
901 4498 1076 4587 permittit,
1097 4495 1240 4564 inhiberi
1269 4499 1362 4565 volu·

313 4629 386 4676 mue
409 4611 444 4674 et
477 4606 681 4684 mandamus,
695 4624 746 4682 ne,
769 4603 934 4690 pendente
966 4601 1003 4666 in
1026 4601 1115 4670 dicta
1136 4601 1228 4670 curia
1249 4601 1364 4688 hujus-
