3538 5712
402 797 490 864 1114
578 807 778 862 eremmon
800 805 1004 861 rmrmmr
1025 807 1271 860 nurmumrsn

251 1020 372 1066 sunem
402 1000 623 1089 reprimendos
634 998 781 1082 3—vobis
813 968 1016 1075 mandemus,
1037 997 1074 1062 in
1106 996 1172 1064 fide
1202 1004 1237 1064 et
1273 995 1631 1070 dilectioneusrpm

401 1105 520 1190 quibus
551 1103 646 1170 nobis
678 1101 845 1182 tenemini,
866 1101 1004 1166 firmiter
1036 1098 1253 1188 injungentes,
1283 1100 1372 1187 quod
1405 1103 1447 1168 cd

402 1206 574 1293 praediotos
597 1205 684 1270 diem
706 1205 868 1270 stlocum
897 1201 1048 1268 hcbeutis
1069 1201 1113 1268 ed
1134 1221 1193 1267 nos
1215 1207 1323 1268 totum
1345 1203 1447 1268 servi-

402 1309 487 1374 tium
517 1299 606 1394 quod
638 1304 733 1372 nobis
764 1303 892 1376 debetis
926 1307 1114 1391 promptum
1145 1309 1180 1368 et
1212 1308 1372 1392 peretum,
1404 1307 1447 1372 ad

402 1409 670 1498 proficiscendum
687 1407 805 1474 exinde
819 1405 999 1483 nobiscum,
1014 1409 1048 1480 et
1062 1426 1136 1470 cum
1156 1404 1309 1470 fidelibus
1317 1407 1446 1485 nostris,

402 1517 516 1577 contre
536 1511 641 1576 dictos
674 1509 824 1576 inimicos
847 1506 1038 1573 et'rebelles
1069 1510 1205 1584 nostros,
1227 1506 1271 1573 ed
1301 1508 1445 1594 ipsorum

401 1612 590 1678 indm-ctum
612 1611 775 1676 molitiem
797 1615 832 1676 et
853 1609 1052 1696 proterviam
1068 1613 1220 1695 potenter
1242 1613 1277 1674 et
1297 1609 1446 1689 viriliter,

403 1713 516 1778 divino
537 1713 671 1779 favente
693 1711 853 1800 praesidio,
870 1710 1100 1798 reprimendas.
1137 1710 1183 1774 Et
1197 1710 1266 1788 hoc,
1281 1709 1367 1777 sicut
1388 1734 1447 1778 nos

402 1822 436 1880 et
457 1815 613 1880 honorem
634 1818 794 1892 nostrum,
815 1818 850 1878 et
875 1817 1032 1891 vestrum,
1055 1831 1093 1878 sc
1114 1811 1208 1898 regni
1237 1812 1341 1877 nostri
1362 1835 1448 1879 com-

403 1916 537 1981 modum
560 1914 708 2002 diligitis,
730 1915 821 1980 nullo
850 1914 947 1979 modo
982 1911 1152 1978 omittetis.
1198 1913 1296 1978 Teste
1317 1916 1448 2002 meipso,

402 2016 491 2104 apud
514 2016 726 2098 Lincolnicm,
750 2026 821 2082 κιο.
845 2015 900 2081 die
923 2013 1103 2092 Februarii,
1120 2033 1207 2080 enno
1229 2013 1321 2100 regni
1343 2018 1448 2082 nostri

400 2139 494 2185 nono.

233 2335 282 2381 rue
290 2336 365 2388 um
401 2351 586 2405 pmbffi,
629 2352 666 2402 fo
744 2318 937 2397 Edwardus,
967 2317 1030 2383 Dei
1067 2316 1184 2405 gretia,
1215 2338 1275 2384 rex
1311 2316 1450 2404 Anglise,

232 2387 376 2489 graffio
402 2421 519 2472 reme
531 2420 640 2472 Gntres
698 2419 851 2486 dominus
882 2419 1062 2497 Hibernis,
1084 2425 1119 2484 et
1147 2418 1218 2484 dux
1250 2417 1450 2505 Aquitaniae,

232 2487 390 2630 iimpiism-
402 2519 554 2586 omnibus
575 2520 619 2586 ed
640 2541 722 2608 quos
744 2525 921 2608 praesentcs
942 2521 1047 2588 literae
1069 2521 1289 2608 pervenerint,
1303 2520 1449 2586 salutem.

232 2587 338 2730 {gmon
344 2589 387 2730 ἔοι
403 2621 523 2689 Sciatis
545 2623 642 2707 quod,
664 2643 740 2692 cum
762 2622 980 2690 communitos
1007 2623 1101 2710 regni
1122 2621 1229 2688 nostri
1258 2622 1451 2690 concesserit

233 2688 387 2782 &icti
404 2723 716 2808 quintamdecimam
744 2725 892 2790 omnium
914 2724 1075 2790 bonorum
1104 2747 1238 2791 suorum
1268 2723 1448 2802 mobilium,

404 2847 479 2910 quae
493 2825 688 2892 habebunt
679 2847 716 2890 m
737 2825 821 2894 festo
837 2826 952 2896 Sancti
970 2825 1141 2894 Michaelis
1163 2825 1314 2913 proximo
1329 2824 1448 2904 futuro,

403 2932 525 2992 extunc
558 2928 788 3005 texendorum,
825 2949 899 3014 quse
932 2927 1066 3015 quidem
1097 2930 1348 3014 quintadecima,
1375 2935 1449 3018 post

402 3027 591 3112 hujusmodi
613 3029 818 3096 taxationem
841 3029 949 3116 colligi
971 3029 1078 3109 debet,
1101 3031 1214 3111 levari,
1243 3037 1279 3099 et
1307 3035 1449 3102 fideliter

403 3129 495 3207 solvi,
517 3130 668 3196 volumus
697 3135 732 3196 et
764 3131 980 3211 concedimus,
1008 3153 1069 3219 pro
1090 3131 1187 3199 nobis
1208 3138 1244 3200 ot
1265 3135 1448 3204 haeredibus

402 3233 532 3312 nostris,
555 3234 642 3319 quod
664 3233 903 3321 perambulstio
924 3237 1013 3302 fecte
1034 3257 1141 3302 coram
1164 3236 1293 3305 dilectis
1315 3245 1350 3306 et
1370 3240 1447 3307 fide-

402 3334 490 3400 libus
519 3335 648 3414 nostris,
678 3335 831 3402 Johcnne
863 3337 905 3402 de
927 3337 1167 3425 Lythcgrcyns,
1192 3342 1226 3404 et
1258 3341 1353 3407 sociis
1382 3342 1448 3408 suis

403 3438 446 3504 ed
477 3437 539 3502 hoc
571 3437 756 3525 assignatis,
779 3459 837 3525 per
858 3444 1057 3524 praeoeptnm
1087 3447 1245 3521 nostrum,
1268 3443 1310 3508 de
1331 3442 1449 3511 forestu

402 3544 516 3606 nostre
537 3539 573 3604 in
604 3540 764 3606 comitatu
794 3539 1002 3619 Eborecensi,
1023 3542 1065 3608 de
1095 3548 1211 3611 caetero
1242 3550 1395 3613 teneatur
1416 3551 1450 3612 et

401 3641 594 3707 observetur
627 3663 686 3728 per
716 3646 821 3709 metes
843 3645 877 3707 ct
908 3641 1035 3708 bundas
1066 3649 1238 3712 contentas
1267 3649 1304 3712 in
1337 3649 1447 3714 eedem

404 3741 704 3828 perambulation03
727 3743 821 3828 cujus
866 3747 961 3809 tenor
1005 3744 1046 3810 de
1090 3747 1189 3812 verbo
1232 3748 1276 3815 ed
1312 3749 1449 3816 verbnm

407 3844 564 3928 sequitur,
575 3843 611 3908 in
625 3843 715 3911 hunc
728 3843 1160 3913 modum—Perembulctio
1182 3849 1312 3917 forestae
1326 3851 1449 3917 domini

403 3945 490 4032 regis
524 3945 565 4012 de
597 3945 759 4024 Gcirltres
781 3945 819 4012 in
849 3946 1008 4013 comitutu
1041 3948 1237 4016 Eboracensi
1267 3952 1363 4035 fecta,
1396 3954 1449 4020 die

402 4045 576 4112 Dominicc
590 4047 741 4133 proxima
751 4052 826 4134 post
848 4047 967 4114 festum
985 4047 1100 4116 sancti
1115 4051 1277 4120 ancbae
1291 4054 1449 4142 Apostoli,

401 4167 489 4213 enno
526 4147 620 4235 regni
651 4149 775 4226 domini
812 4149 898 4235 regis
928 4149 1095 4229 Edwardi,
1124 4152 1186 4218 filii
1208 4155 1335 4222 domini
1365 4160 1449 4245 regis

403 4249 549 4327 Henrici‚
562 4250 688 4335 xxviij,
703 4272 811 4317 corum
823 4250 846 4316 J
847 4250 975 4317 ohanne
990 4253 1030 4318 de
1046 4253 1284 4344 Lythegmyns‚
1299 4260 1323 4325 J
1324 4260 1450 4326 ohanne

320 4383 322 4388 ·
402 4349 443 4415 de
466 4350 596 4438 Byron’,
620 4351 781 4416 Michaele
807 4351 848 4417 de
871 4351 1001 4429 Hercle,
1019 4353 1210 4443 Hesculpho
1232 4359 1273 4426 de
1302 4361 1448 4450 Oleseby,

402 4453 478 4518 Adc
511 4453 552 4518 de
575 4453 794 4539 Crokedeyk',
821 4459 856 4520 et
877 4454 1018 4521 Ricardo
1041 4456 1152 4542 Oysel
1173 4459 1216 4524 ed
1247 4464 1449 4548 perambule-

404 4555 528 4619 tionsm
550 4560 674 4620 rectum
703 4555 897 4622 forestarum
919 4556 1044 4621 domini
1067 4559 1153 4645 regis
1182 4561 1219 4626 in
1240 4565 1450 4635 comitatibus

407 4656 628 4743 Notinghsm',
652 4653 856 4742 Eborscensi,
871 4662 907 4724 et
929 4657 1166 4742 Oombcrlsnd',
1180 4663 1372 4750 faciendum,
1394 4693 1452 4758 per
