3362 5720
416 801 616 880 auorsrsuu
639 801 840 854 rsusrrrun
862 801 1103 853 nurumuusu.
1202 786 1283 857 1271

65 1011 502 1090 respuasffiiwffigquodpm
581 992 749 1069 Ricardus,
771 991 983 1078 permissione
1013 991 1136 1068 diviua,
1158 991 1284 1055 Dunol-
1315 1008 1437 1053 aniam.

237 1092 461 1145 interueniente:
535 1091 655 1156 mensis
687 1089 865 1177 episcopus,
892 1089 1054 1154 universis
1084 1094 1119 1154 et
1149 1088 1285 1174 singulis
1297 1069 1448 1165 d⁰lll⁰⁰l⁰¹¹

235 1193 430 1259 tenentibus
444 1198 478 1258 et
500 1193 643 1258 subditis
666 1192 797 1272 nostris,
821 1192 1056 1277 cujuscumque
1078 1190 1284 1266 conditionis,
1297 1172 1461 1266 liffeim

179 1319 181 1324 ·
234 1295 322 1360 infra
344 1294 530 1362 libertatem
556 1299 703 1359 nostram
738 1294 778 1358 de
810 1294 1058 1359 Alvertonshirc
1091 1298 1125 1358 et
1156 1292 1284 1377 Oreyk'‚
1297 1271 1417 1382 biliuadd

234 1398 383 1476 salutem,
405 1397 546 1484 gratiam
562 1403 597 1461 et
618 1393 889 1480 benedictionem.
928 1395 1012 1462 Cum
1028 1394 1284 1461 commiserimus
1296 1371 1448 1470 {pmcn

235 1499 354 1564 dilecto
388 1505 422 1564 et
444 1498 534 1563 fideli
557 1504 679 1576 nostre,
703 1497 837 1563 domino
871 1497 1004 1563 Thomas
1028 1497 1069 1562 de
1104 1467 1433 1573 ΟοΙΙωήΠθ,ἒὲιῗὲῧῗὶὲθ

234 1601 390 1666 ballivam
413 1605 447 1664 et
468 1600 650 1666 custodiam
673 1600 892 1664 maneriorum
916 1604 950 1664 et
972 1605 1135 1664 terrarum
1158 1602 1285 1663 nostra-

233 1723 307 1767 rum
329 1701 426 1766 dictae
441 1701 604 1766 libertatis
626 1706 747 1766 nostrae
770 1699 810 1766 de
825 1699 1081 1766 alvertonsehir
1105 1705 1139 1764 et
1155 1699 1284 1784 Creyk',

189 1803 191 1808 ’
234 1825 308 1868 cum
344 1808 507 1888 potestate
541 1803 689 1889 plenaria
726 1802 900 1868 ordinandi
935 1806 970 1867 et
1008 1799 1205 1887 disponendi
1242 1802 1283 1866 de

234 1904 366 1982 eisdem,
389 1905 496 1971 curias
530 1904 674 1981 tenendi,
697 1905 845 1991 querelas
878 1907 912 1968 et
944 1902 1077 1989 placita,
1104 1902 1282 1968 secundum

204 2002 208 2008 ’
234 2005 504 2072 consuetudinem
527 2006 626 2072 dictae
640 2005 812 2082 libertatis,
835 2005 992 2070 audiendi
1014 2009 1049 2069 et
1075 2005 1284 2082 terminandi,

170 2137 175 2140 ·
234 2131 272 2174 ac
295 2109 407 2173 omnia
428 2109 495 2174 alia
517 2108 660 2173 faciendi
683 2114 717 2173 et
751 2106 934 2184 exercendi,
956 2127 1031 2192 quas
1054 2107 1204 2171 custodes
1226 2128 1284 2171 seu

235 2210 352 2277 ballivi
375 2211 473 2277 dictae
495 2209 659 2276 libertatis
682 2210 788 2282 facere
810 2212 948 2295 possunt
970 2213 1005 2272 et
1035 2214 1285 2286 consueverunt,

235 2335 256 2378 a
285 2313 489 2400 temporibus
518 2313 699 2390 retroactis,
730 2311 825 2376 vobis
847 2311 1059 2398 injungimus,
1082 2308 1220 2375 firmiter
1249 2316 1284 2376 et

235 2415 439 2492 mandamus,
462 2418 625 2499 quatenus
656 2413 762 2478 eidem
794 2413 928 2477 domino
959 2412 1103 2490 Thomas,
1125 2415 1283 2498 tanquam

235 2517 359 2583 ballivo
382 2518 502 2594 nostro,
526 2521 560 2580 et
583 2516 712 2582 custodi
735 2515 897 2580 dictorum
918 2515 1138 2579 maneriorum
1162 2519 1197 2580 et
1218 2521 1284 2579 ter-

234 2641 355 2698 rarum,
371 2617 445 2682 sitis
460 2617 677 2708 intendentes,
693 2617 936 2702 respondentes,
951 2637 988 2682 ao
1003 2616 1146 2681 fideliter
1170 2637 1284 2682 eonsu-

205 2720 208 2728 '
234 2721 346 2787 lentes
393 2720 436 2783 In
451 2719 543 2805 cujus
561 2719 638 2807 [rei]
655 2717 891 2796 testimonium,
906 2717 1124 2804 presentibus
1139 2717 1284 2804 sigillum

234 2826 384 2888 nostrum
400 2820 557 2886 duximus
570 2820 811 2908 apponendum.
850 2819 975 2884 Datum
990 2819 1080 2904 apud
1103 2819 1284 2898 Alverton’,

234 2922 292 2990 ix⁰.
328 2924 383 2988 dia
417 2922 521 3000 Junii,
555 2943 642 2987 anno
675 2921 811 2987 Domini
831 2919 1019 2986 ¹millesimo
1056 2922 1283 2986 trecentesimo

235 3025 487 3113 quintodecimo
512 3029 546 3088 et
568 3023 820 3090 consecrationis
842 3028 963 3088 nostrae
986 3023 1111 3108 quinto.

235 3193 370 3248 concessio
379 3192 500 3244 custode
578 3182 703 3248 Christi
725 3182 878 3248 fidelibus
900 3181 1063 3246 universis
1090 3187 1203 3269 pateat
1226 3205 1285 3270 per
1298 3199 1453 3246 cantoriae

234 3260 501 3393 ffiffitflffiff
533 3291 719 3374 praesentes,
744 3285 832 3370 quod
858 3304 927 3364 nos,
949 3284 1117 3365 Ricardus
1149 3286 1284 3370 permis·
1297 3251 1435 3344 illitati

235 3391 394 3446 deBurton'.
437 3441 441 3453 ,
533 3389 624 3454 sione
667 3387 790 3465 divina,
830 3385 1062 3479 Dunolmensis
1105 3385 1283 3471 episcopus,
1297 3351 1428 3542 ΞῑΞῖῗὲθῗΞῗὲ

235 3495 385 3561 dedimus
399 3497 434 3558 et
448 3491 672 3567 concessimus,
687 3493 849 3574 quantum
864 3487 901 3552 in
917 3486 1011 3551 nobis
1027 3491 1087 3567 est,
1103 3485 1285 3570 Dyonisrae,
1298 3501 1341 3542 wa
1351 3503 1386 3544 ter
1395 3501 1423 3544 ce

1298 3551 1396 3600 Burtcn,

235 3597 401 3684 quondam
423 3599 513 3659 natae
536 3592 693 3660 Willelmi
716 3591 756 3655 de
780 3588 915 3655 Salkck'
933 3587 1115 3655 custodiam
1138 3587 1284 3652 omnium
1298 3600 1432 3662 duringum

1298 3654 1412 3743 ιῐιιιιοιίἓξἓ
1418 3650 1443 3693 of

235 3705 397 3766 terrarum
429 3701 463 3763 et
485 3698 758 3773 tenementorum,
781 3712 856 3757 cum
880 3689 946 3756 suis
969 3688 1187 3776 pertinentiis,
1211 3710 1285 3774 quae
1299 3702 1388 3793 {3531}
1405 3751 1442 3793 ua

235 3801 402 3868 Walterus
425 3801 466 3864 de
488 3797 624 3864 Burton'
658 3796 699 3861 de
721 3793 816 3859 nobis
839 3798 874 3858 et
895 3792 1029 3860 ecclesia
1058 3797 1171 3857 nostra
1192 3792 1285 3857 Dun·
1300 3801 1450 3860 repressus

235 3904 372 3970 olmensi
401 3900 513 3968 tenuit
534 3899 571 3963 in
593 3897 682 3964 Over
705 3896 893 3980 Herleseye,
916 3900 950 3959 et
974 3891 1079 3982 [quae]
1104 3894 1147 3959 ad
1169 3851 1357 3958 manushw'

235 4012 364 4073 nostras
397 4006 608 4080 devenerunt,
640 4001 767 4066 ratione
788 3998 927 4062 minoris
959 3996 1068 4064 aetatis
1092 3996 1211 4083 Rogeri
1244 3997 1284 4060 de

235 4109 382 4188 Burton',
397 4105 527 4193 nepotis
543 4110 577 4170 et
591 4102 732 4168 haeredis
746 4100 896 4187 praedicti
912 4098 1072 4179 Walteri3
1094 4097 1282 4163 habendum

235 4220 270 4280 et
283 4210 464 4280 tenendum
487 4207 635 4294 praefatae
649 4202 830 4289 Dyonisiae,
845 4207 880 4267 et
895 4201 1068 4287 assignatis
1084 4201 1151 4265 suis
1176 4221 1279 4286 usque

236 4317 278 4383 ad
305 4313 435 4401 plenam
459 4313 593 4376 aetatem
624 4306 774 4394 praedicti
795 4304 943 4381 haeredis,
967 4324 1025 4389 per
1048 4302 1184 4369 servitia
1205 4302 1282 4367 inde

237 4418 351 4484 debita
373 4420 407 4481 et
430 4417 592 4478 consueta
640 4410 682 4474 In
705 4409 797 4493 cujus
820 4407 868 4470 rei
883 4405 1119 4484 testimonium,
1143 4404 1289 4491 sigillum
1334 4424 1427 4468 sassa.

236 4525 386 4587 nostrum
400 4515 618 4605 praesentibus
634 4517 685 4578 est
705 4530 893 4597 appensum.
939 4505 1065 4572 Datum
1080 4506 1169 4592 apud
1193 4505 1291 4572 Rich-

238 4621 307 4702 ale',
330 4621 437 4708 primo
468 4619 521 4684 die
543 4614 706 4691 Januarii,
745 4633 832 4677 anno
863 4609 998 4675 Domini
1021 4609 1194 4676 millesimo
1226 4614 1292 4673 tre-

238 4724 414 4791 centesimo
436 4719 689 4807 quartodecimo,
704 4721 739 4780 et
761 4712 1012 4780 consecrationis
1030 4715 1150 4776 nostrae
1166 4716 1292 4796 quarto,
