3502 6108
487 825 685 875 nuorsrsun
708 823 914 902 enunrruun
934 824 1179 875 eonsensum.
1273 813 1358 880 1197

141 1009 184 1054 ¹⁴¹¹·
193 1005 268 1060 mm·
277 1007 297 1049 ²·
308 1013 332 1079 J
336 1013 467 1080 ohanne
491 1015 533 1080 de
555 1015 722 1101 Ooigners,
752 1013 885 1079 domino
908 1011 1053 1079 Roberio
1091 1013 1158 1078 filio
1182 1010 1359 1098 Redulphi,
1393 1017 1524 1062 A·1>·181³·'

309 1116 480 1195 militibus,
503 1117 660 1204 magistro
684 1116 781 1182 Petro
797 1116 837 1180 de
853 1115 1008 1193 Kellewe,
1024 1116 1151 1180 Thomu
1166 1116 1206 1180 de
1221 1113 1361 1200 Fysshe-

309 1218 414 1296 bum’,
430 1218 596 1284 Willelmo
620 1219 660 1283 de
683 1217 818 1296 Auford,
835 1222 868 1282 ei
885 1217 967 1282 aliis.
1014 1218 1141 1283 Datum
1163 1217 1252 1304 apud
1276 1216 1362 1280 Mid-

309 1320 450 1400 delhsm‚
465 1320 550 1406 xvj0.
567 1319 620 1384 die
643 1319 822 1398 Februarii,
839 1340 927 1384 enno
941 1319 1077 1385 Domini
1093 1318 1267 1385 millesimo
1283 1331 1360 1386 οεοῦ.

310 1422 512 1499 duodecimo,
535 1426 569 1486 ei
591 1421 803 1508 pontificatus
825 1421 931 1486 nostri
954 1422 1101 1487 secundo.

309 1573 428 1624 Carcoe
441 1573 506 1624 Reo-
585 1548 759 1613 Universis
783 1548 908 1614 Christi
934 1549 1093 1630 fidelibus,
1115 1548 1176 1614 hoo
1203 1549 1361 1635 scriptum
1375 1546 1530 1644 mmm

309 1637 427 1689 mershill.
508 1681 513 1690 ·
540 1651 659 1715 visuris
682 1650 736 1715 vel
760 1651 932 1728 audituris,
955 1650 1128 1728 RobertuS,
1150 1651 1362 1736 permissione
1375 1645 1529 1740 ffifflfl

309 1752 433 1828 divino,
470 1753 641 1839 episcopus
678 1751 919 1829 Dunelmensis,
957 1752 1096 1817 sulutem
1142 1754 1178 1817 in
1218 1753 1361 1818 Domino
1374 1747 1525 1841 flssoffltggp

310 1855 550 1939 sempiternum.
611 1854 781 1919 Noveribis
810 1876 870 1920 nos
896 1855 1088 1920 concessisse
1118 1859 1152 1918 eb
1182 1855 1361 1920 reddidisse
1374 1847 1522 1941 fflssnffiffld,

310 1956 443 2022 Thomae
482 1956 524 2021 de
561 1956 711 2033 Multou',
749 1955 844 2021 fratri
882 1963 917 2021 et
953 1955 1076 2022 haeredi
1116 1955 1282 2021 Edmundi
1321 1958 1361 2021 de
1374 1947 1474 1991 ΜΝ·

311 2057 460 2135 Mulion’,
481 2063 521 2122 ut
540 2057 597 2142 jus
620 2079 726 2134 suum,
749 2057 932 2122 manerium
960 2057 1000 2122 de
1026 2058 1264 2136 Rcdmersbill',
1287 2081 1361 2125 cum

311 2160 464 2224 omnibus
486 2159 695 2244 pertinentiis
719 2159 794 2235 suis,
817 2159 980 2235 videlicet,
1004 2159 1161 2244 quicquid
1184 2160 1272 2225 idem
1296 2161 1362 2224 Ed·

310 2262 462 2340 mundus‚
484 2261 586 2325 freter
608 2260 758 2347 praedicti
788 2261 930 2338 Thomae,
953 2259 1046 2345 cujus
1075 2259 1180 2326 haeres
1211 2262 1281 2349 ipse
1304 2268 1364 2350 esi,

311 2363 494 2448 aliquando·
516 2362 635 2427 habuit
664 2362 700 2426 in
731 2362 818 2427 dicio
848 2361 1003 2438 manerio,
1027 2362 1068 2426 de
1090 2362 1177 2427 dono
1199 2363 1223 2428 J
1225 2365 1363 2429 ohannis

311 2463 419 2541 Beck’,
452 2469 561 2551 proni*
585 2470 683 2530 samse
717 2485 799 2549 quas
833 2463 920 2528 idem
955 2463 1096 2529 Thomas
1133 2465 1211 2530 inde
1246 2466 1364 2532 hebuit

311 2572 507 2652 purportsui
536 2570 571 2631 ei
602 2571 776 2642 testentur,
807 2566 900 2631 salva
932 2565 1028 2630 nobis
1062 2571 1096 2630 ei
1127 2569 1364 2633 successoribus

310 2669 432 2734 nosiris
455 2669 670 2735 advocatione
696 2668 838 2734 ecclesiae
861 2666 1006 2753 ejusdem
1030 2667 1143 2748 viilee3
1172 2669 1362 2736 habendum

311 2777 346 2836 et
368 2770 558 2848 tenendum,
580 2770 621 2836 de
644 2771 737 2836 nobis
768 2776 802 2835 eb
832 2770 1070 2836 successoribus
1102 2772 1289 2849 nostriset
1312 2794 1362 2838 ec-

311 2873 409 2938 clesio
444 2872 669 2948 Dunelmensi,
701 2871 765 2936 sibi
800 2876 834 2936 eb
870 2871 1057 2936 haeredibus
1093 2873 1169 2949 suis,
1199 2874 1253 2938 vel
1291 2873 1363 2959 ejus

311 2975 495 3061 assignabis,
510 2976 545 3039 in
561 2980 777 3062 perpetuum
798 2973 947 3039 faciendo
971 2975 1048 3038 inde
1071 2974 1165 3040 nobis
1183 2980 1217 3040 ei
1240 2998 1363 3042 succes·

312 3077 438 3142 soribus
468 3077 591 3142 nostris
617 3075 756 3141 servibie
782 3074 894 3139 debite
924 3078 959 3140 ei
981 3075 1143 3143 consuetu.
1204 3077 1245 3141 In
1269 3077 1362 3162 cujus

311 3179 358 3243 rei
385 3177 621 3255 testimonium,
643 3178 702 3243 hes
732 3177 845 3242 liberes
877 3183 1004 3242 nostres
1036 3176 1100 3242 sibi
1124 3179 1196 3244 fieri
1225 3179 1362 3245 fecimus

312 3285 469 3365 paienies

312 3430 443 3480 Murmur*
456 3430 514 3494 quia
577 3405 740 3495 Omnibus
769 3405 832 3471 hoc
862 3405 1019 3493 scriptum
1043 3407 1164 3472 visuris
1186 3409 1240 3473 vel
1268 3410 1530 3519 eudi-ffitg'tho

312 3497 379 3548 alibi.
532 3507 625 3585 turis,
647 3507 816 3574 Guifridus
838 3508 879 3573 de
903 3507 1133 3586 Henneknoli,
1157 3511 1296 3576 salutem
1328 3512 1363 3574 in
1375 3517 1518 3611 lgpgpppgg

312 3610 454 3675 Domino
470 3611 710 3696 sempiternum.
758 3609 929 3674 Noveriiis
952 3631 1003 3676 me
1027 3612 1229 3689 concessisse,
1245 3620 1288 3691 et,
1304 3636 1363 3699 pro
1376 3617 1522 3711 mum

313 3733 364 3776 me
385 3718 419 3777 ei
434 3711 619 3776 haeredibus
642 3711 730 3788 meis,
745 3711 902 3798 praesenti
925 3713 1046 3799 scripto
1061 3735 1134 3778 meo
1149 3715 1525 3811 confirmasse,{31:333tha

312 3813 401 3899 quod
432 3814 584 3878 dominus
622 3835 723 3890 meus,
756 3812 909 3877 dominus
942 3813 1113 3892 Ricardus,
1145 3816 1209 3881 Dei
1246 3817 1363 3904 gratie,
1376 3818 1499 3862 uvenwoo.

311 3915 545 3980 Dunolmensis
579 3915 756 4002 episcopus,
787 3936 821 3979 se
851 3915 956 4000 possib
987 3938 1146 4002 appruaro
1183 3917 1223 3982 de
1258 3919 1363 3984 sexies

312 4018 433 4104 viginti
463 4019 547 4084 ocris
577 4038 685 4096 morse,
715 4022 859 4104 pasiurse
891 4023 926 4083 ei
951 4019 1046 4097 vesti,
1069 4019 1104 4083 in
1136 4020 1282 4085 monerio
1322 4023 1361 4086 de

311 4119 499 4197 Evenwod’,
521 4125 556 4186 ei
580 4142 634 4186 ees
664 4121 841 4206 appluetas
863 4119 928 4185 sibi
959 4125 994 4185 ei
1023 4121 1261 4187 successoribus
1295 4125 1363 4189 suis

313 4223 565 4308 inperpetuum
588 4229 719 4300 teuere3
741 4221 928 4308 incipiendo
947 4221 1049 4306 juxte
1064 4223 1170 4289 locum
1193 4226 1251 4309 qui
1271 4248 1363 4291 voce·

311 4330 367 4388 tur
382 4331 399 4357 “
411 4321 639 4398 Boicrknoll’,”
657 4323 714 4387 ubi
729 4321 866 4388 baronia
880 4323 920 4387 de
937 4323 1115 4389 Evenwod'
1129 4332 1300 4414 separetur
1323 4329 1363 4393 de

311 4431 399 4490 berra
422 4432 456 4490 eb
478 4425 572 4490 feodo
596 4425 746 4511 episcopi,
769 4425 977 4491 extendendo
1000 4449 1114 4493 versus
1142 4435 1302 4506 austrum,
1329 4435 1364 4495 ei

312 4529 352 4594 de
375 4533 487 4593 austro
510 4527 674 4612 sequendo
700 4533 805 4592 metas
827 4535 862 4592 eb
883 4528 1008 4593 divisas
1030 4529 1118 4594 inter
1141 4530 1247 4596 dictas
1270 4532 1364 4596 boro-

312 4631 401 4694 niem
425 4641 459 4696 ct
481 4636 584 4695 terras
607 4635 641 4694 ei
661 4629 791 4694 feodum
815 4629 896 4695 dicti
919 4630 1061 4717 episcopi
1077 4652 1191 4697 versus
1214 4633 1344 4700 boreum
1356 4658 1364 4715 ;

703 4823 750 4875 See
761 4839 827 4890 pege
841 4829 914 4886 1203,
924 4833 989 4890 port.
