3570 5718
416 782 481 846 952
593 794 791 846 samareon
814 790 1018 843 rlmrruuu
1041 791 1284 842 nuumnnusn.

264 1004 385 1051 anina
416 987 492 1050 dam
529 984 615 1070 regis
653 983 791 1070 singlis,
830 983 936 1071 patris
972 982 1086 1061 nostri,
1109 982 1275 1048 tricesimo
1313 980 1643 1058 scandatum-a

417 1109 497 1152 xxv.
507 1087 617 1164 libras,
635 1090 669 1152 et
691 1087 734 1150 ad
758 1085 908 1171 [festum]
931 1085 1141 1152 Pentecostes
1155 1083 1307 1171 proximo
1322 1103 1462 1166 sequens

417 1211 497 1253 xxv.
522 1187 568 1264 a,
592 1192 626 1252 et
648 1188 691 1251 ad
715 1187 866 1273 [festum]
899 1186 1108 1252 Pentecostes
1141 1186 1291 1273 proximo
1314 1207 1463 1272 sequens,

417 1312 495 1355 xxv.
519 1289 628 1366 libras,
651 1295 685 1354 et
708 1310 762 1353 eas
785 1289 815 1354 ei
838 1288 986 1353 nondum
1008 1288 1117 1366 solvit,
1141 1293 1179 1353 ut
1201 1287 1346 1367 dicitur;
1369 1287 1464 1352 vobis

417 1391 622 1468 mandamus,
638 1390 726 1476 quod
741 1392 782 1455 de
797 1389 892 1454 bonis
915 1390 1139 1456 ecclesiasticis
1154 1389 1305 1476 praedicti
1321 1388 1462 1468 Tbomae,

417 1493 453 1556 in
475 1497 586 1556 vestra
609 1492 749 1568 dioecesi,
766 1491 838 1557 fieri
860 1491 989 1558 faciatis
1011 1491 1203 1578 praediotam
1226 1491 1407 1578 pecuniam,
1429 1496 1465 1555 et

416 1592 509 1657 illam
539 1592 689 1657 habeatis
723 1614 830 1658 coram
854 1592 957 1673 nobis,
982 1593 1017 1657 in
1051 1593 1175 1658 octabis
1199 1591 1313 1657 Sancti
1341 1591 1465 1656 Micha-

419 1692 485 1769 elis,
520 1693 563 1758 ad
597 1694 800 1759 reddendum
835 1693 1001 1760 Willelmo
1034 1695 1075 1759 de
1098 1695 1271 1772 Somerset,
1296 1693 1467 1759 executori

418 1796 615 1860 testamenti
648 1795 798 1881 praedicti
822 1796 984 1878 Nioholai‚
1022 1797 1188 1862 occasione
1222 1796 1399 1882 praedicta3
1428 1800 1463 1860 et

419 1897 508 1961 unde
532 1897 708 1963 vicecomes
731 1902 842 1963 noster
874 1898 1123 1964 Northumbriae
1154 1898 1249 1964 nobis
1271 1897 1466 1975 retornavit,

417 2020 437 2062 a
475 1997 528 2062 die
567 1998 700 2064 Paschae
734 1999 769 2062 in
806 2021 862 2065 xv.
885 2000 963 2078 dies,
987 1999 1074 2085 quod
1112 1999 1288 2084 praedictus
1326 1998 1468 2063 Thomas

419 2098 508 2163 filius
538 2099 722 2187 Hasculphi
744 2100 878 2166 clericus
901 2106 1011 2166 vester
1048 2105 1107 2178 est,
1129 2101 1165 2165 in
1196 2100 1329 2164 dioecesi
1351 2103 1464 2166 vestra

418 2199 641 2279 beneficiatus,
665 2205 700 2266 et
734 2222 801 2266 non
832 2207 883 2267 est
913 2201 1070 2268 inventus
1101 2202 1138 2265 in
1163 2201 1287 2266 balliva
1309 2223 1375 2266 sua
1421 2199 1468 2265 Et

419 2299 569 2366 habeatis
585 2301 631 2366 ibi
654 2303 716 2368 hoc
746 2302 854 2369 breve.
900 2303 1006 2384 Teste,
1023 2303 1062 2370 R.
1086 2303 1117 2368 le
1140 2301 1355 2379 Brabazoun’,
1377 2302 1466 2389 apud

418 2399 754 2482 westmonasterium,
766 2403 850 2489 xxjo.
863 2403 917 2468 die
930 2404 1020 2484 Maii,
1033 2425 1119 2470 anno
1130 2404 1224 2490 regni
1234 2402 1338 2468 nostri
1350 2403 1466 2471 sexto.¹

248 2623 388 2717 fflffl
332 2660 531 2766 uhopssmeq
532 2662 633 2711 umes
730 2611 923 2692 Edwardus,
946 2611 1010 2676 Dei
1031 2619 1106 2699 grat
1107 2613 1148 2691 ia,
1170 2633 1230 2677 rex
1243 2610 1384 2697 Angliae,
1407 2610 1465 2675 do-

246 2723 387 2816 3ng
319 2773 401 2866 W
418 2739 466 2774 ven
468 2725 529 2776 rata
514 2677 650 2791 inpurus„
683 2711 794 2777 minus
811 2713 1044 2794 Hiberniae,et
1030 2715 1136 2778 tdux
1150 2712 1351 2798 Aquitaniae,
1365 2733 1466 2777 vene-

249 2822 387 2915 minibus
419 2799 530 2842 mentum
683 2813 823 2877 rabili'
814 2836 850 2878 m
885 2813 1018 2880 Christo
1055 2816 1152 2902 patri,
1176 2815 1328 2892 Ricardo,
1352 2813 1466 2878 eadem

248 2872 375 3015 &gum
330 2921 398 2966 ebho
420 2909 537 2994 gratia,
576 2913 728 3000 episcopo
772 2915 999 2992 Dunolmensi,
1037 2917 1186 2982 salutem.
1257 2915 1360 2996 Licet,
1406 2935 1466 3000 pro

263 3020 393 3068 ammones
356 3009 559 3076 eti-diversis
589 3013 724 3080 ιιιιιιιὶιι2
753 3021 853 3102 negot
854 3017 904 3095 iis,
934 3039 994 3082 nos
1023 3021 1057 3082 et
1088 3023 1213 3083 statum
1247 3016 1340 3102 regni
1363 3015 1468 3080 nostri

249 3072 395 3265 {psum
421 3113 642 3198 tangentibus,
663 3117 919 3202 parliamentum
951 3123 1109 3197 nostrum,
1131 3119 1221 3206 apud
1244 3117 1465 3185 Westmonas-

421 3213 552 3292 terium,
581 3215 636 3282 die
673 3218 848 3286 Dominica
887 3219 1038 3336 proxima
1074 3226 1149 3306 post
1182 3221 1305 3286 festum
1351 3219 1466 3285 Sancti

342 3322 346 3330 '
420 3313 573 3383 Matthaei
607 3320 760 3407 Apostoli
806 3321 955 3407 proximo
1002 3321 1161 3400 futurum,
1207 3322 1468 3388 ordinaverimus

419 3422 541 3496 tenere,
572 3425 606 3486 et
628 3422 807 3501 vobiscum,
830 3443 868 3488 ao
890 3443 965 3488 cum
994 3424 1122 3489 caeteris
1153 3423 1307 3511 praelatis,
1331 3443 1467 3509 magna-

421 3517 512 3583 tibus
549 3527 582 3587 et
619 3524 817 3608 proceribus,
851 3523 944 3611 regni
973 3525 1087 3601 nostri,
1111 3523 1230 3591 babere
1267 3523 1465 3610 colloquium

420 3622 455 3684 et
478 3625 667 3702 tractatum,
690 3625 848 3710 vobisque
879 3623 1144 3691 mandaverimus
1167 3626 1204 3692 in
1226 3625 1292 3690 fide
1314 3629 1349 3690 et
1371 3625 1469 3689 dilec-

421 3720 511 3786 tione
544 3724 665 3808 quibus
707 3726 802 3790 nobis
852 3725 1020 3804 tenemini,
1062 3727 1203 3792 firmiter
1247 3726 1465 3813 injungentes,

422 3823 518 3908 quod,
542 3825 693 3891 omnibus
725 3827 799 3891 aliis
829 3827 1066 3913 praetermissis,
1089 3819 1178 3914 ap'ud
1210 3829 1336 3894 dictum
1358 3829 1468 3894 locum

421 3921 760 4008 westmonasterium,
785 3927 876 3992 diota
897 3928 951 3992 die
973 3926 1150 3994 Dcminica
1171 3928 1387 4015 personaliter
1415 3928 1467 3992 in-

422 4026 556 4103 tersitis,
570 4026 695 4092 ibidem
718 4027 897 4107 nobiscum,
912 4034 948 4095 et
970 4051 1043 4094 cum
1067 4031 1223 4117 praelatis,
1244 4029 1467 4116 magnatibus,

420 4132 454 4191 et
473 4128 672 4212 proceribus,
688 4130 863 4214 praedictis,
877 4151 976 4217 super
998 4131 1097 4198 dictis
1119 4132 1261 4220 negotiis
1284 4132 1469 4210 tractaturi,

420 4233 632 4315 vestrumque
667 4231 839 4296 consilium
873 4231 1073 4318 impensuri:
1091 4263 1093 4268 ¹
1112 4233 1322 4299 attendentes
1356 4237 1469 4298 tamen

421 4331 555 4416 negotia
576 4335 689 4397 nostra
710 4333 746 4396 in
768 4331 919 4419 partibus
943 4333 1099 4400 Marcbiae
1122 4334 1251 4411 Seotiae,
1262 4355 1321 4420 per
1341 4355 1470 4399 moram

420 4435 563 4496 vestram
598 4432 635 4496 in
665 4433 854 4520 episcopatu
886 4439 1006 4514 vestro,
1028 4435 1072 4501 ad
1105 4440 1256 4501 nostrum
1288 4440 1322 4502 et
1353 4435 1468 4523 populi

457 4651 618 4703 ¹Scealike
630 4652 686 4703 vrit
696 4652 723 4703 in
734 4669 758 4719 p.
770 4657 828 4704 959.
880 4687 885 4696 -
978 4653 1399 4722 ²ardouoousaruuisinMs.
