3468 5704
403 789 467 852 692
581 801 780 850 nuersreuu
802 798 1005 849 rsnrrmuu
1028 797 1274 848 nuumuussu.

252 1007 375 1052 emron.
403 987 570 1072 delegatis,
594 1009 747 1052 eorumve
774 987 1012 1066 commissaliis
1035 985 1171 1050 arbitris
1194 983 1248 1048 vel
1279 982 1353 1047 aliis
1381 981 1453 1066 qui·
1466 995 1632 1048 summm

402 1088 603 1174 buscumque
637 1109 865 1174 quamcunque
892 1087 1159 1172 jurisdictionem
1194 1107 1252 1150 seu
1283 1084 1453 1148 notionem

403 1189 609 1266 habentibus,
650 1190 808 1278 dilectum
854 1189 1007 1254 clericum
1048 1193 1209 1264 nostrum,
1256 1186 1452 1272 magistrum

402 1292 559 1358 Thomum
586 1292 627 1357 de
659 1291 877 1378 Epplingden’
901 1295 1146 1378 procuratorem
1170 1295 1332 1365 nostrum,
1355 1308 1454 1374 nego-

401 1397 524 1458 tiorum
546 1401 715 1480 gestorem,
739 1399 773 1458 et
799 1394 957 1458 nuncium
988 1391 1171 1478 specialem,
1196 1391 1344 1468 facimus,
1368 1389 1454 1454 ordi-

402 1517 519 1560 namus
541 1503 575 1560 et
601 1495 842 1572 constituimus,
866 1515 924 1580 per
946 1494 1018 1558 haec
1039 1493 1182 1579 scripta;
1206 1492 1325 1557 dentes
1347 1491 1454 1556 eidem

401 1598 594 1662 mandatum
624 1596 775 1682 generale
805 1603 839 1660 et
874 1595 1045 1682 specialem
1084 1599 1296 1680 potestatem,
1320 1595 1454 1658 nomine

400 1703 520 1776 nostro,
536 1697 663 1784 agendi,
680 1696 885 1774 defendendi,
900 1695 1111 1783 provocandi,
1128 1695 1326 1782 appellandi,
1339 1716 1453 1759 causas

402 1801 670 1885 provocationum
701 1803 736 1862 et
759 1799 1019 1886 appellationum
1043 1799 1270 1885 prosequendi,
1294 1803 1395 1863 testes
1419 1801 1453 1861 et

400 1902 621 1967 iustrumenta
643 1900 854 1988 producendi,
872 1901 964 1965 litem
988 1899 1205 1977 contestandi,
1225 1900 1452 1984 juramentum

400 2003 441 2067 de
464 2005 628 2070 calumnia
649 2009 684 2070 et
706 2003 746 2068 de
769 2004 910 2068 veritate
935 2002 1081 2081 dicenda,
1105 2024 1143 2067 ac
1166 2001 1338 2088 quodlibet
1360 2000 1453 2065 uliud

400 2127 502 2196 genus
531 2107 615 2172 liciti
638 2105 834 2171 sacramenti
860 2105 896 2168 in
919 2104 1065 2169 animam
1088 2109 1237 2170 nostram
1259 2102 1452 2190 praestandi,
1496 2123 1498 2125 ·

399 2206 595 2274 beneficium
630 2206 847 2274 absolutionis
883 2212 917 2271 et
950 2206 1174 2271 restitutionis
1206 2207 1243 2270 in
1276 2207 1451 2292 integrum,

400 2311 553 2394 quotiens
569 2333 650 2396 opus
666 2309 775 2386 fuerit,
791 2331 829 2374 ac
845 2309 946 2373 etiam
970 2329 1138 2394 expensas,
1154 2309 1293 2394 petendi
1315 2313 1349 2372 et
1371 2307 1451 2372 reci-

298 2491 301 2498 ,
400 2411 521 2494 piendi,
545 2433 583 2476 ac
605 2412 716 2476 omnia
738 2411 806 2475 alie
832 2417 866 2475 et
890 2411 1023 2496 singula
1046 2410 1190 2475 faciendi
1212 2415 1247 2474 et
1269 2409 1450 2487 exercendi,

400 2534 475 2598 quse
497 2535 555 2600 per
577 2535 693 2578 verum
717 2518 751 2578 et
773 2513 959 2598 legitimum
987 2517 1233 2599 procuratorem
1263 2512 1336 2577 fieri
1359 2516 1452 2597 pote-

399 2619 488 2694 runt,
515 2620 549 2679 et
571 2615 724 2690 exerceri,
747 2613 877 2678 etiamsi
912 2614 1108 2679 mandatum
1131 2615 1269 2699 exigant
1291 2612 1449 2700 speciale:

400 2736 459 2800 pro
482 2715 596 2780 eodem
622 2737 698 2780 vero
721 2721 931 2802 procuratore
953 2721 1066 2780 nostro
1096 2737 1165 2781 rem
1195 2721 1304 2781 ratam
1334 2714 1450 2779 haberi

401 2821 434 2880 et
453 2817 640 2901 judicatum
656 2817 740 2882 solvi
756 2817 982 2903 promittimus
997 2817 1175 2898 cautiones,
1190 2821 1227 2882 et
1244 2817 1447 2904 exponimus,

401 2918 462 2982 sub
485 2940 594 2982 rerum
618 2923 806 2983 nostrarum
837 2919 984 2983 omnium
1016 2918 1223 3004 hypotheca;
1250 2919 1311 2984 hoc
1328 2918 1451 3004 judici-

401 3020 470 3098 bus,
494 3020 645 3105 partibus
677 3026 711 3085 et
733 3020 807 3084 aliis
829 3040 970 3106 quorum
1000 3020 1148 3097 interest,
1170 3027 1285 3086 tenore
1308 3041 1450 3107 preesen-

400 3121 485 3185 tiurn
518 3121 721 3187 intimantes.
770 3122 811 3185 In
843 3121 936 3206 cujus
966 3121 1015 3185 rei
1037 3121 1277 3200 testimonium,
1300 3121 1448 3208 sigillum

399 3216 547 3288 nostrum
578 3224 796 3310 praeseutibus
830 3223 987 3288 duximus
1019 3223 1260 3309 apponendum.
1322 3225 1450 3289 Datum

399 3324 488 3410 apud
518 3325 672 3410 Ryehnle,
695 3324 740 3409 ij0.
764 3325 817 3389 die
849 3323 972 3401 Martii,
995 3347 1083 3389 enno
1112 3325 1248 3390 Domini
1279 3325 1449 3390 millesimo

399 3437 471 3492 cco⁰.
497 3427 751 3512 quartodecimo,
775 3431 811 3492 et
832 3426 1086 3492 consecrationis
1109 3433 1231 3493 nostroe
1255 3433 1382 3513 quarto.

232 3646 362 3692 οειιῑῆωω
400 3637 608 3687 eertificatorium
641 3638 746 3703 [cupio
819 3628 1026 3694 Reverendae
1049 3628 1255 3694 discretionis
1278 3630 1359 3708 viro,
1390 3630 1447 3694 do·

230 3697 379 3741 tothecourt
399 3703 566 3752 Eborucensis
594 3703 660 3752 inter
677 3703 748 3768 [ar]-

231 3747 386 3848 flssgssffln
400 3769 577 3818 chidiaconum
593 3763 749 3819 Dunoliucn-
771 3730 861 3793 mino
890 3777 898 3794 ·
923 3778 941 3809 ’2
958 3730 1087 3796 officiali
1110 3731 1209 3797 curiae
1225 3731 1446 3810 Ebmoensis’

231 3847 378 3892 incautus
399 3851 451 3886 sem
468 3831 517 3900 [et]
535 3834 678 3899 prioremet
690 3851 748 3885 eon·
772 3832 826 3895 vel
849 3831 953 3918 ipsius
976 3833 1195 3899 commissario
1218 3835 1371 3920 generali,
1392 3834 1448 3898 Ri-

230 3897 356 3992 ssfflffi
403 3901 535 3968 [ve]ntum
543 3903 748 3953 Dunolmensem.
1026 3935 1033 3948 ‚
1072 3935 1078 3948 ,
1192 3936 1198 3950 ,
1228 3937 1234 3950 ,

230 3961 373 4042 mm}
772 3934 897 4010 cardus,
932 3955 1144 4019 perm1ss1one
1167 3937 1290 4015 d1v1ua,
1321 3936 1449 4001 Dunol-

229 4047 348 4147 zpssrtpgd
398 4035 520 4100 mensis
549 4035 727 4121 episcopus,
752 4035 901 4113 salutem,
926 4057 1000 4100 cum
1024 4036 1146 4101 debitis
1161 4047 1196 4102 et
1219 4038 1348 4103 devotis
1371 4039 1448 4103 obe-

229 4149 365 4241 ffiepgor
399 4136 533 4214 dientia,
556 4136 742 4202 reverentia
765 4136 954 4201 ethonore.
977 4219 979 4224 ,
1003 4137 1130 4202 Literes
1153 4144 1290 4220 vestras,
1315 4140 1447 4205 domine

336 4228 342 4241 '
397 4287 405 4302 .
433 4287 440 4302 .
465 4238 610 4303 officialis
633 4238 798 4325 praedicte,
821 4239 927 4324 primo
950 4239 1003 4302 die
1028 4235 1142 4304 Martii
1165 4245 1317 4306 tenorem·
1346 4242 1448 4306 infra-

397 4340 555 4426 scriptum
578 4341 760 4426 recepimus
776 4339 983 4404 continentes
996 4339 1241 4406 :—Venerabili
1261 4344 1297 4406 in
1315 4342 1447 4409 Christo

396 4442 492 4524 patri,
509 4441 641 4505 domino
665 4439 814 4518 Ricardo,
831 4441 894 4506 Dei
914 4442 1029 4526 gratia,
1046 4442 1265 4508 Dunolmensi
1288 4445 1448 4532 episcopo,

398 4587 406 4604 .
433 4587 441 4604 .
465 4539 608 4605 officialis
632 4541 730 4605 curioe
752 4541 974 4622 Eboracensis,
998 4543 1139 4608 salutem
1162 4553 1236 4610 cuin
1260 4547 1448 4611 reverentia

395 4649 429 4708 et
452 4643 573 4707 honore
596 4641 716 4707 debitis
738 4648 832 4708 tanto
855 4645 953 4729 patri.
1005 4645 1091 4724 Quia
1121 4648 1156 4710 in
1181 4669 1279 4714 cause
1302 4649 1447 4735 appelle·
1508 4611 1509 4614 i
