3570 5718
400 779 467 852 870
579 791 781 846 auc1srsuu
803 789 1008 842 rmnrrnuu
1030 789 1271 842 nunmmnasn.

249 1001 372 1050 annua.
400 984 567 1074 praedictis
589 982 749 1071 magistro
771 985 806 1048 et
826 981 1026 1050 scholaribus
1048 981 1090 1046 de
1115 979 1229 1047 debito
1255 979 1452 1068 supradicto,
1464 993 1597 1048 murm.
1604 999 1625 1044 1.

400 1087 531 1176 ponatis
560 1087 598 1151 in
630 1090 821 1173 respectum,
843 1106 946 1170 usque
977 1084 1020 1151 ad
1052 1083 1140 1149 diem
1167 1082 1381 1168 praedictum
1418 1089 1454 1149 et

400 1189 648 1267 districtionem,
664 1189 694 1254 si
707 1209 815 1274 quam,
831 1209 871 1253 ea
892 1186 1065 1266 occasione,
1079 1185 1153 1250 fieri
1167 1185 1300 1265 fecistis,
1316 1185 1451 1250 interim

399 1291 540 1358 relaxari
562 1291 691 1357 faciatis
713 1289 826 1356 eidem.
881 1287 986 1366 Teste,
1008 1287 1060 1355 W.
1092 1287 1133 1352 dc
1164 1286 1339 1372 Norwch,
1361 1287 1450 1373 apud

400 1392 738 1470 westmonasterium,
761 1391 861 1458 tertio
895 1391 948 1457 die
979 1388 1074 1467 Julii,
1102 1409 1191 1456 anno
1220 1388 1314 1476 regni
1344 1389 1450 1455 nostri

400 1494 526 1580 quinto.

230 1701 492 1804 ssfflfflfqitatio
512 1725 546 1774 ,d
571 1737 627 1785 W,
719 1696 911 1773 Edwardus,
933 1695 997 1761 Dei
1019 1696 1135 1783 gratia,
1157 1716 1217 1761 rex
1239 1694 1379 1780 Angliae,
1394 1695 1451 1759 do-

230 1802 367 1903 ggsslffim
397 1790 549 1842 mmmmm.
671 1796 781 1862 minus
803 1797 984 1876 Hiberniae,
998 1801 1033 1862 et
1047 1797 1118 1862 dux
1139 1796 1338 1882 Aquitaniae,
1353 1816 1451 1862 vene·

231 1903 354 1995 fflffin,
399 1900 495 1965 rabili
518 1899 555 1964 in
579 1896 712 1964 Christo
734 1899 832 1984 patri,
863 1898 1012 1976 Ricardo,
1044 1897 1157 1964 eadem
1187 1898 1304 1984 grstia,
1326 1897 1451 1962 Dunol-

231 2001 389 2097 diffidi?
399 2002 504 2067 mensi
535 2000 693 2087 episcopo,
729 2000 875 2065 salutem.
935 2000 1030 2064 Licet
1059 2020 1165 2085 nuper
1197 1999 1451 2086 parliamentum

276 2139 281 2148 ·
400 2106 549 2168 nostrum
572 2100 662 2187 apud
684 2101 896 2178 Lincolniam,
919 2100 973 2166 die
1000 2100 1174 2166 Dominica
1196 2100 1346 2187 proxima
1376 2104 1451 2186 post

399 2204 520 2269 festum
557 2203 670 2268 Beatus
709 2201 823 2268 Mariae
860 2201 1064 2288 Magdalense
1109 2202 1259 2287 proximo
1300 2201 1449 2266 futurum

399 2308 521 2383 tenere,
544 2307 579 2368 et
601 2302 779 2383 vobiscum,
804 2322 842 2368 ac
864 2322 940 2367 cum
962 2303 1089 2368 caeteris
1111 2302 1265 2389 praelatis,
1287 2303 1449 2388 magnati-

399 2405 461 2471 bus
484 2410 519 2470 et
540 2404 735 2490 proceribus,
750 2403 843 2490 regni
866 2404 980 2480 nostri,
1002 2423 1100 2489 super
1121 2403 1260 2468 diversis
1282 2408 1317 2468 et
1338 2404 1451 2469 arduis

398 2506 548 2593 negotiis,
563 2527 623 2571 nos
645 2509 680 2571 et
702 2509 827 2571 statum
849 2503 994 2590 ejusdem
1016 2504 1110 2590 regni
1130 2505 1343 2591 tangentibus
1364 2509 1450 2571 trac·

400 2611 510 2674 tatum
532 2605 661 2685 habere,
684 2606 964 2686 ordinaverimus3
996 2610 1030 2671 et
1051 2606 1145 2671 vobis
1176 2607 1448 2684 mandaverimus,

400 2709 488 2794 quod
510 2707 610 2773 dictis
631 2707 686 2773 die
708 2710 742 2772 et
764 2708 834 2773 loco
864 2707 1077 2794 personaliter
1107 2708 1308 2774 interessetis
1339 2709 1449 2774 nobis-

399 2830 483 2889 cum,
506 2813 637 2874 etcum
668 2807 821 2894 praelatis,
845 2807 1055 2895 magnatibus
1087 2814 1121 2874 et
1149 2811 1344 2897 proceribus,
1367 2832 1450 2896 prae·

401 2911 510 2988 dictis,
536 2931 634 2996 snper
665 2910 764 2976 dictis
795 2911 938 2997 negotiis
968 2911 1163 2992 tractaturi3
1194 2913 1345 2999 quodque
1366 2933 1449 2999 prse-

398 3011 573 3076 muniretis
594 3011 735 3096 priorem
758 3016 792 3076 et
814 3011 996 3098 capitulum
1019 3013 1160 3079 ecclesiae
1182 3017 1301 3080 vestrae
1323 3014 1448 3080 Dunol-

400 3114 529 3191 mensis,
545 3111 799 3194 archidiaconos,
815 3119 988 3198 totumque
1003 3114 1135 3195 clerum,
1150 3120 1269 3182 vestrae
1292 3116 1449 3194 dioecesis,

400 3215 487 3300 quod
519 3213 620 3278 iidem
650 3213 740 3300 prior
773 3219 808 3280 et
838 3213 1058 3281 archidiaconi
1080 3217 1117 3281 in
1139 3219 1278 3304 propriis
1301 3219 1449 3305 personis

399 3316 475 3394 suis,
491 3320 526 3381 et
548 3315 673 3382 dictum
696 3315 876 3401 capitulum
899 3339 957 3402 per
979 3339 1092 3396 unum,
1106 3318 1258 3406 idemque
1273 3321 1376 3386 clerus
1391 3344 1450 3408 per

399 3417 481 3482 duos
503 3420 726 3503 procuratores
748 3417 890 3496 idoneos,
905 3418 1035 3503 plenam
1050 3423 1085 3484 et
1099 3419 1317 3488 sufficientum
1339 3426 1448 3508 potes-
1525 3433 1529 3442 '

399 3522 505 3585 tatem
526 3519 570 3584 ab
601 3518 682 3604 ipsis
712 3519 858 3605 capitulo
889 3528 924 3585 et
954 3519 1039 3587 clero
1061 3520 1226 3605 babentes,
1249 3545 1316 3589 una
1336 3523 1447 3590 vobis-

399 3640 474 3684 cum
504 3617 702 3685 interessent
723 3625 804 3686 tunc
825 3620 966 3685 ibidem:
1006 3622 1085 3707 quia
1106 3627 1216 3690 tamen
1237 3645 1351 3690 versus
1372 3646 1446 3710 par-

398 3724 449 3786 tes
471 3719 634 3796 Londinii,
657 3741 717 3806 pro
742 3721 938 3806 quibusdam
960 3724 1101 3809 negotiis
1131 3747 1191 3791 nos
1222 3726 1445 3813 tangentibus,

395 3819 466 3907 jam
488 3819 662 3906 dirigimus
692 3841 822 3908 gressus
853 3827 990 3903 nostros,
1012 3831 1047 3891 et
1079 3827 1331 3914 parliamentum
1363 3851 1446 3916 prae-

398 3921 525 3986 dictum
547 3941 606 4007 pro
636 3920 732 3986 nobis
754 3926 790 3988 et
811 3923 913 4002 vobis,
936 3945 974 3991 ac
995 3927 1149 4011 praelatis,
1171 3931 1389 4017 magnatibus,
1413 3937 1448 3998 et
1517 3923 1518 3927 ¹

397 4021 583 4110 proceribus
604 4023 780 4108 praedictis,
796 4026 986 4113 caeterisque
1008 4028 1160 4094 omnibus
1182 4032 1241 4117 qui
1262 4032 1306 4098 ud
1328 4033 1447 4119 parlia-

398 4128 547 4190 mentum
569 4124 652 4189 illud
675 4129 754 4190 sunt
782 4129 940 4205 vocaturi,
962 4129 1211 4196 convenientius
1242 4137 1276 4198 et
1306 4155 1447 4202 commo-

398 4226 473 4291 dius
510 4227 576 4293 ista
611 4224 684 4292 vice
720 4228 809 4313 apud
846 4227 1181 4310 westmonasterium,
1221 4255 1320 4319 quam
1358 4238 1447 4322 apud

400 4327 616 4406 Lincolniam,
638 4329 744 4393 teneri
775 4333 893 4415 potest,
916 4331 1041 4399 dictum
1075 4334 1336 4418 parliamentum,
1360 4341 1447 4425 quod

297 4447 303 4458 ·
397 4429 486 4514 apud
509 4429 713 4495 Lincolniam
727 4431 962 4516 proposuimus,
977 4438 1016 4499 ut
1025 4430 1028 4438 ’
1038 4437 1277 4519 praemittittur,
1292 4441 1445 4519 tenuisse,

398 4529 487 4614 apud
518 4530 854 4611 westmonasterium,
885 4532 938 4599 die
975 4535 1149 4604 Dominica
1184 4533 1334 4626 proxima
1370 4547 1445 4626 post

396 4629 518 4694 festum
551 4631 795 4718 Assumptionis
826 4635 937 4702 Beatae
971 4637 1085 4706 Mariae
1120 4640 1266 4728 Virginis
1296 4643 1446 4729 proximo
