3562 5710
400 791 486 855 1032
577 799 777 851 snorsrauu
800 795 1003 847 ranarmum
1026 793 1268 844 nuuamnusa

249 1001 304 1046 aa
313 1001 370 1043 181⁴
402 1024 495 1076 Cierio
517 1025 549 1073 ad
576 1021 667 1088 parlia-
745 985 936 1062 Edwardus
968 979 1033 1048 Dei
1067 983 1186 1069 gratia,
1219 1004 1278 1046 rex
1310 981 1450 1068 Angliae,
1464 985 1623 1038 marisca

234 1063 349 1169 wiriifb'
401 1099 522 1142 mentum.
700 1089 852 1152 dominus
876 1088 1058 1164 Hiberniae,
1081 1092 1115 1150 et
1148 1085 1217 1150 dux
1248 1083 1450 1170 Aquitaniae,

233 1175 383 1320 ffilgssssssl
401 1189 583 1256 venerabili
618 1191 653 1254 in
687 1188 819 1256 Christo
857 1191 953 1276 patri,
993 1189 1142 1268 Ricardo‚
1181 1188 1295 1254 eadem
1333 1186 1450 1274 gralia,

235 1325 349 1377 sanopor
402 1292 617 1358 Dunolmensi
640 1289 799 1378 episcopo,
823 1291 970 1357 salutem.
1027 1291 1115 1372 Quia
1136 1311 1233 1376 super
1255 1290 1395 1355 diversis
1418 1294 1451 1352 et

234 1376 346 1421 nurum
401 1395 513 1460 arduis
534 1393 685 1481 negotiis,
708 1415 768 1458 nos
791 1397 826 1458 et
848 1398 974 1458 statum
989 1394 1083 1478 regni
1113 1391 1227 1472 nostri,
1250 1397 1285 1456 et
1307 1391 1450 1456 maxime

402 1503 500 1562 terrae
537 1500 660 1561 nostrae
693 1494 824 1572 Scotiae,
855 1495 1040 1581 specialiter
1073 1494 1298 1581 tangentibus,
1332 1491 1451 1579 parlia-

402 1604 552 1663 mentum
590 1601 737 1661 nostrum
776 1596 865 1683 apud
896 1596 1236 1674 westmonasterium,
1260 1596 1296 1660 in
1327 1594 1452 1660 octabis

403 1697 517 1765 Sancti
540 1697 674 1763 Hillarii
697 1699 849 1785 proximo
869 1699 998 1778 futuris,
1014 1705 1136 1779 tenere,
1160 1705 1195 1764 et
1217 1699 1395 1774 vobiscum,
1416 1718 1453 1762 ao

403 1821 478 1864 cum
504 1800 630 1865 oaeteris
662 1799 818 1886 praelatis,
852 1799 1061 1886 magnatibus
1093 1806 1128 1866 et
1150 1800 1349 1886 proceribus,
1372 1800 1453 1865 dicti

402 1901 503 1987 regni,
519 1901 638 1968 habere
660 1903 873 1990 proponimus
888 1902 1085 1988 colloquium
1102 1908 1136 1967 et
1158 1907 1345 1980 tractatum,
1361 1901 1454 1966 vobis

401 2004 596 2068 mandamus
618 2004 654 2068 in
676 2004 742 2069 fide
773 2009 806 2069 et
829 2005 1003 2070 dilectione
1025 2004 1145 2090 quibus
1168 2005 1263 2070 nobis
1285 2003 1454 2082 tenemini,

402 2105 542 2170 firmiter
564 2104 783 2192 injungentes,
806 2107 895 2191 quod
925 2105 1023 2171 dictis
1050 2106 1104 2170 die
1135 2113 1169 2172 et
1199 2107 1279 2186 loeo,
1302 2106 1455 2171 omnibus

400 2207 474 2272 aliis
496 2207 733 2294 praetermissis,
763 2208 977 2293 personaliter
1001 2209 1171 2286 intersitis,
1194 2208 1318 2274 ibidem
1345 2208 1455 2274 nobis-

402 2331 486 2385 eum,
501 2313 536 2374 et
559 2331 634 2375 oum
656 2311 783 2376 caeteris
805 2310 960 2398 praelatis,
976 2311 1186 2398 magnetibus
1209 2317 1244 2376 et
1268 2311 1455 2397 proceribus

401 2410 608 2495 supradictis,
632 2433 729 2496 super
752 2411 851 2476 dictis
872 2413 1013 2498 negotiis
1035 2413 1220 2491 tractaturi,
1244 2419 1455 2498 vestrumque

401 2511 572 2576 consilium
595 2513 798 2598 impensuri;
830 2514 1084 2600 praemunicntes
1123 2515 1265 2600 priorem
1299 2519 1333 2578 et
1368 2515 1455 2601 capi-

402 2612 510 2677 tulum
557 2613 699 2680 eeclesiae
745 2622 863 2681 vestrae
902 2614 1144 2694 Dunolmensis,
1182 2617 1455 2695 archidiaconum,

402 2718 576 2798 totumque
600 2715 722 2780 clerum
745 2721 865 2782 vestrae
888 2717 1045 2798 dioecesis,
1070 2719 1158 2805 quod
1181 2719 1281 2784 iidem
1305 2720 1394 2804 prior
1421 2724 1455 2784 et

401 2815 652 2881 archidiaconus
675 2817 711 2881 in
733 2819 872 2904 propriis
896 2820 1041 2905 personis
1064 2821 1140 2901 suis,
1163 2827 1198 2885 et
1221 2822 1347 2886 dictum
1369 2822 1456 2907 capi·

401 2915 512 2978 tulum
535 2938 728 3002 perunum,
751 2920 904 3005 idemque
927 2921 1032 2991 clerus
1055 2945 1113 3009 per
1127 2924 1209 2990 duos
1232 2931 1457 3010 procuratores

401 3017 544 3094 idoneos,
581 3018 714 3104 plenam
751 3029 785 3085 et
823 3021 1035 3090 sufficientem
1070 3031 1267 3110 potestatem
1299 3028 1341 3092 ab
1379 3027 1458 3112 ipsis

403 3118 547 3204 capitulo
570 3125 604 3184 et
626 3121 710 3186 clero
732 3121 899 3203 habentes
916 3147 984 3190 una
1007 3127 1175 3192 vobiscum
1199 3129 1364 3206 intersint,
1389 3149 1458 3192 mo-

287 3215 290 3224 '
402 3219 453 3283 dis
469 3221 629 3300 omnibus,
642 3226 721 3289 tuno
737 3224 859 3290 ibidem
875 3226 918 3290 ad
934 3227 1120 3294 faciendum
1137 3237 1171 3294 et
1186 3230 1457 3297 consentiendum

402 3320 468 3384 hiis
498 3343 572 3406 quae
605 3328 683 3404 tunc
714 3325 846 3404 ibidem,
869 3327 909 3392 de
942 3332 1112 3394 communi
1146 3331 1289 3408 consilio,
1324 3332 1458 3397 favente

404 3423 556 3502 Domino,
588 3425 733 3491 ordinari
763 3429 941 3514 contigerit
970 3453 1068 3517 super
1099 3435 1242 3519 negotiis
1272 3436 1456 3501 antedictis·

407 3526 451 3589 Et
485 3526 545 3591 hoc
578 3527 768 3594 nullatenus
806 3531 975 3596 omittatis.
1053 3534 1149 3600 Teste
1199 3537 1331 3623 meipso,
1370 3537 1459 3622 apud

407 3625 596 3714 Spaldyng',
640 3630 762 3715 xxiiij0.
802 3632 857 3696 die
899 3633 1060 3715 Octobris,
1098 3659 1185 3702 anno
1222 3639 1315 3725 regni
1353 3639 1457 3704 nostri

405 3734 529 3794 octavo.

403 3975 484 4026 Breve
511 3975 607 4026 domini
633 3992 673 4028 11,
749 3937 939 4018 Edwardus
972 3942 1040 4021 Dei
1072 3947 1187 4030 gratia,
1225 3966 1285 4010 rex
1317 3948 1456 4034 Angliae‚

289 4074 339 4106 uro
423 4041 444 4090 '⁸
462 4057 509 4131 1²30
531 4042 632 4107 Rogero
649 4043 673 4095 ¹0
706 4038 858 4106 dominus
890 4042 1071 4123 Hibcmiae,
1097 4051 1131 4132 et
1162 4049 1233 4112 dux
1254 4047 1455 4134 Aquitaniae,

437 4109 497 4157 ὠ·
705 4143 885 4208 venerabili
923 4146 960 4210 in
999 4146 1129 4214 Christo
1167 4151 1263 4235 patri,
1307 4150 1457 4228 Ricardo,

405 4241 518 4305 eadem
554 4243 670 4327 gratia,
703 4243 919 4311 Dunolmensi
952 4249 1109 4335 episcopo,
1132 4252 1278 4317 salutem.
1337 4253 1456 4318 Sciatis

404 4343 493 4426 quod
525 4343 670 4429 Rogerus
701 4345 731 4410 le
766 4346 883 4426 Clerk'‚
918 4351 1161 4434 praebendarius
1188 4354 1229 4418 de
1261 4355 1456 4440 Langeestr’‚

404 4464 490 4508 unus
506 4451 717 4510 executorum
733 4451 923 4514 testamenti
939 4453 1089 4538 magistri
1105 4455 1260 4520 Willelmi
1276 4457 1316 4521 de
1333 4456 1454 4522 Sancto

405 4545 582 4632 Botulpho,
616 4548 741 4614 dudum
774 4572 919 4636 personae
954 4555 1097 4620 ecclcsiae
1123 4557 1164 4619 de
1188 4557 1373 4644 Howgton',
1397 4559 1453 4622 do-

404 4647 520 4727 funoti,
544 4647 609 4711 fuit
631 4671 738 4716 coram
763 4651 939 4718 baronibus
969 4657 1009 4720 de
1041 4658 1209 4724 Soaccario
1231 4665 1344 4725 nostro
1367 4661 1456 4746 apud
