3564 5744
469 787 474 793 ·
497 793 694 845 marsosum
717 793 917 844 1111111111
939 795 1180 866 1111111111
1273 783 1359 850 1089

139 981 384 1045 Δ1·Ε1111.11111
407 1001 446 1045 ea
476 981 699 1068 tangentibus,
721 1002 795 1066 quae
826 980 863 1044 in
885 982 1036 1048 custodia
1056 989 1167 1049 vestra
1199 984 1358 1064 existunt,
1388 1000 1512 1048 aaran

311 1082 405 1147 nobis
428 1083 490 1148 sub
513 1082 621 1168 sigalo
645 1087 754 1146 vestro
777 1081 954 1146 mitteretis
966 1108 974 1162 ;
996 1083 1046 1149 ita
1059 1085 1148 1169 quod
1170 1106 1209 1151 aa
1222 1086 1358 1152 habere-

310 1205 384 1248 mus
416 1183 452 1248 in
473 1185 615 1250 crastino
648 1184 854 1250 Ascensionis
884 1184 1020 1250 Domini
1042 1185 1162 1252 ultimo
1183 1188 1360 1273 praeterito,
1461 1251 1464 1264 ,

310 1285 497 1371 ubicunque
531 1290 611 1351 tunc
640 1306 782 1350 essemus
811 1285 848 1349 in
870 1285 1001 1372 Anglia,
1031 1292 1079 1364 ut,
1099 1287 1164 1352 hiis
1194 1289 1359 1375 inspectio,

309 1387 438 1474 plenius
453 1393 488 1454 et
503 1387 708 1464 examinatis,
723 1386 862 1452 ulterius
884 1409 981 1473 super
1002 1389 1064 1454 hoe
1077 1389 1151 1454 fieri
1173 1390 1360 1467 faceremus,

309 1489 397 1574 quod
420 1489 461 1554 de
487 1489 563 1573 jure
592 1487 662 1554 fore
684 1488 866 1553 viderimus
887 1488 1091 1570 faciendum
1114 1491 1243 1577 dequo
1275 1491 1360 1556 nihil

308 1591 422 1670 faeere,
444 1611 505 1656 neo
535 1591 634 1655 breve
656 1595 815 1668 nostrum,
839 1591 933 1660 vobis
956 1590 1034 1657 inde
1056 1592 1227 1671 directum,
1250 1613 1358 1660 coram

307 1693 403 1758 nobis
436 1693 479 1758 ad
510 1691 598 1758 diem
632 1693 827 1778 praedictum
861 1698 1036 1770 retornara
1059 1693 1244 1774 curavistis,
1269 1695 1358 1760 unde

308 1794 485 1879 plurimum
523 1793 788 1873 admirabamur3
824 1815 881 1879 pcr
918 1794 1007 1880 quod
1028 1795 1132 1873 vobis,
1156 1796 1243 1862 sicut
1265 1795 1357 1876 alias,

274 1901 278 1910 '
309 1895 582 1974 mandaverimus,
606 1895 694 1982 quod
724 1895 894 1961 recordum
918 1901 953 1961 et
978 1917 1145 1982 processus
1167 1899 1271 1962 totius
1301 1918 1359 1962 ne·

307 1995 391 2080 getii
413 1997 602 2082 supradicti,
620 1997 721 2082 juxta
743 2003 890 2062 tenorem
905 1997 1055 2062 mandati
1070 1997 1177 2062 nostri
1199 1997 1359 2084 praedicti,

307 2097 402 2161 nobis
428 2098 491 2163 sub
513 2098 619 2184 sigillo
641 2104 753 2163 vestro
775 2097 953 2163 mitteretis
964 2123 977 2178 ;·
996 2099 1046 2163 ita
1060 2099 1147 2182 quod
1171 2098 1359 2163 1111111111-

308 2221 382 2263 mus
404 2220 512 2263 coram
544 2199 640 2264 nobis
662 2219 683 2264 1
705 2198 758 2263 die
791 2198 921 2264 Sanctae
944 2198 1120 2264 Trinitatis
1142 2201 1178 2264 in
1201 2221 1256 2266 xv.
1279 2200 1358 2279 dies,

308 2300 495 2387 ubicunque
528 2305 610 2366 tunc
631 2321 774 2366 essemus
807 2301 843 2364 in
864 2301 995 2387 Anglia,
1019 2301 1073 2366 vel
1104 2322 1234 2367 oausam
1265 2301 1360 2368 nobis

309 2403 546 2489 significaretis,
562 2423 662 2488 quare
684 2402 843 2467 mandato
857 2407 969 2467 nostro
982 2402 1148 2488 praedicto,
1163 2402 1244 2468 alias
1266 2394 1359 2467 vobis

308 2505 386 2568 inde
409 2504 541 2582 directo,
565 2503 700 2568 minime
723 2503 900 2590 paruistis3
928 2524 987 2568 vos
1009 2503 1052 2568 ad
1067 2502 1240 2588 praefatam
1263 2503 1359 2590 quin-

308 2605 426 2670 denam
460 2605 592 2670 Sanotae
624 2604 798 2670 Trinitatis
829 2603 914 2668 nihil
947 2603 1053 2669 fecere
1084 2605 1268 2684 curavistis,
1302 2605 1359 2668 sed

308 2707 489 2772 mandastis
512 2706 600 2791 quod
622 2706 814 2771 mandatum
844 2710 1002 2783 nostrum,
1023 2705 1119 2771 vobis
1148 2706 1226 2770 inde
1256 2706 1359 2770 dirce

308 2811 390 2885 tum,
416 2807 497 2872 adeo
531 2807 626 2871 vobis
657 2806 751 2872 tarde
783 2807 885 2884 venit,
908 2806 1005 2891 quod,
1036 2811 1171 2893 propter
1200 2807 1357 2892 temporis

307 2909 516 2986 brevitatem,
538 2907 622 2972 illud
645 2907 765 2992 exequi
787 2928 854 2972 non
870 2907 1026 2993 potuistis
1037 2932 1046 2987 ;
1068 2929 1128 2995 per
1149 2908 1239 2994 quod
1253 2907 1358 2985 vobis,

307 3011 393 3077 sicut
423 3010 544 3104 pluries
577 3008 853 3092 mandaverimus,
885 3009 973 3095 quod
1006 3009 1176 3074 reeordum
1213 3015 1249 3074 11
1281 3030 1356 3095 pro-

166 3131 176 3144 ·
202 3160 206 3170 -
308 3134 415 3178 cessus
452 3112 555 3178 totius
593 3111 718 3197 negotii
755 3109 944 3197 supradicti,
971 3109 1072 3194 juxta
1098 3116 1244 3176 tenorem
1266 3132 1358 3176 man·

308 3214 461 3279 datonun
489 3217 675 3277 nostrorum
706 3212 801 3277 vobis
834 3212 912 3276 inde
941 3211 1148 3290 directorum,
1170 3211 1266 3277 nobis
1296 3211 1358 3276 sub

308 3315 416 3400 sigillo
438 3319 548 3379 vestro
571 3313 758 3392 mitteretis,
781 3313 830 3378 ita
852 3312 940 3397 quod
963 3335 1002 3377 11
1023 3311 1217 3377 haberemus
1247 3332 1357 3377 coram
1464 3353 1467 3364 ·

308 3416 402 3481 nobis
439 3438 460 3480 a
490 3416 544 3480 die
583 3414 697 3481 Sancti
734 3413 897 3480 Johannis
928 3413 1091 3499 Baptistae
1121 3413 1158 3476 in
1187 3433 1244 3476 xv.
1279 3413 1365 3504 (1111,Ι

308 3514 494 3600 ubicunque
521 3519 602 3578 tune
624 3534 767 3578 essemus
797 3513 834 3576 in
855 3511 997 3598 Anglia;
1027 3531 1085 3574 vos
1119 3508 1161 3574 ad
1183 3509 1357 3596 praefatam

309 3615 508 3700 quindenam
532 3615 647 3679 Sancti
668 3613 832 3679 «Iohannis
862 3611 1023 3698 Baptistae
1045 3610 1141 3675 nobis
1165 3609 1357 3688 mandastis,

308 3718 396 3802 quod
411 3717 511 3781 breve
526 3720 676 3780 nostrum
699 3715 742 3779 ad
757 3735 815 3779 vos
831 3713 924 3779 venit
938 3712 998 3776 ubi
1020 3711 1140 3790 fuistis,
1155 3711 1356 3776 inveniendo

309 3839 421 3882 versus
443 3839 502 3882 nos
535 3817 746 3903 personaliter
775 3816 816 3880 de
838 3815 1026 3900 episcopatu
1049 3819 1169 3891 vestro,
1191 3834 1250 3898 pro
1282 3834 1358 3879 con-

300 3921 410 3985 tentis
442 3919 478 3983 in
511 3919 633 3996 eodem,
667 3924 701 3983 et
733 3917 807 3983 aliis
841 3916 1031 3982 libertatem
1062 3920 1205 3980 vestram
1230 3914 1356 3979 111111-

308 4043 452 4086 mensem
490 4019 713 4106 tangentibus,
744 4039 803 4104 pro
839 4017 994 4082 libertate
1025 4016 1085 4080 illa
1120 4015 1355 4091 conservanda,

309 4129 343 4188 et
364 4123 407 4188 ad
430 4123 624 4187 mandatum
646 4125 795 4185 nostrum
818 4119 1005 4205 posterioris
1022 4119 1119 4195 datae,
1134 4117 1229 4182 vobis
1252 4117 1356 4183 direc-

308 4230 389 4304 tum,
414 4224 457 4288 ad
479 4223 709 4289 auxiliandum
732 4229 766 4286 et
787 4220 1022 4286 consulendum
1045 4241 1143 4304 super
1164 4218 1354 4284 defensione

309 4326 453 4412 partium
499 4325 689 4402 borealium,
719 4329 754 4388 11
791 4323 914 4387 ibidem
951 4319 1158 4397 morandum,
1185 4320 1355 4413 ⁸omnibus

309 4427 544 4515 praetermissis,
583 4426 704 4492 reversi
726 4423 836 4488 fuistis
872 4423 916 4489 ad
947 4427 1057 4508 partes
1094 4420 1166 4486 illas
1178 4444 1187 4499 ;
1224 4426 1357 4508 propter

309 4531 404 4616 quod,
443 4529 639 4594 mandatum
684 4536 832 4591 nostrum
885 4524 1078 4611 praedictum
1124 4521 1244 4607 exequi
1289 4543 1356 4586 non

309 4632 486 4720 potuistis:
519 4631 612 4696 vobis
634 4628 742 4696 adhuc
763 4627 967 4703 mandamus,
997 4625 1082 4692 sicut
1113 4622 1235 4709 pluries
1264 4645 1356 4689 man-

398 4749 474 4801 VOL.
490 4749 526 4797 11.
1159 4739 1224 4788 DD
