3566 5712
501 822 701 874 aamercort
724 821 927 874 emensum
950 823 1190 876 nusasunssn
1309 813 1371 876 841

109 1057 113 1062 -
152 1009 442 1097 An-Brucurecepit
474 1009 627 1076 dominus
651 1007 849 1097 [episcopus]
873 1023 946 1077 xx0.
969 1011 1022 1076 die
1054 1010 1265 1097 Septembris,
1287 1033 1373 1077 anno
1400 1027 1460 1072 an.
1468 1032 1526 1074 1³11.

319 1111 515 1200 supradicto,
539 1116 574 1178 et
595 1111 753 1198 magistro
775 1110 916 1178 Ricardo
940 1112 979 1178 de
1005 1113 1169 1200 Morpath’
1185 1114 1373 1191 destinavit,

320 1214 417 1302 quod,
439 1213 619 1280 secundum
657 1212 795 1280 formam
833 1213 951 1292 brevis,
990 1215 1026 1279 in
1063 1217 1236 1282 exactione
1275 1215 1373 1281 dictae

320 1316 467 1403 pecunia
498 1315 731 1403 supersederet,
755 1320 790 1382 et
821 1321 1033 1403 sequestrum,
1055 1317 1084 1382 si
1110 1318 1198 1403 quod
1230 1319 1373 1404 interpo-

320 1423 439 1497 suerat,
460 1417 634 1486 relaxaret.

320 1654 404 1705 Breve
437 1655 505 1721 regis
535 1670 581 1720 pro
660 1623 852 1703 Edwardus,
884 1623 948 1690 Dei
984 1624 1103 1712 gratia,
1135 1645 1194 1704 rex
1231 1606 1372 1710 Angliee,
1386 1635 1522 1734 mopso

320 1720 581 1838 ffisstffiioeffi·
615 1725 766 1792 domiuus
798 1726 978 1806 Hiberniae,
1002 1732 1037 1792 et
1069 1727 1139 1791 dux
1169 1725 1370 1813 Aquitaniae,
1384 1738 1518 1831 pphoerf

320 1851 581 1918 mutassemus
614 1827 796 1892 veneratur
833 1828 869 1893 in
908 1828 1039 1894 christo
1088 1829 1183 1915 pass,
1222 1829 1371 1908 sicardo,
1385 1800 1518 1932 ὥς

320 1919 347 1984 1²i
358 1920 544 1973 mosomensis.
611 1930 724 1994 eadem
754 1929 870 2015 gratia,
894 1929 1110 1996 Dunolmensi
1141 1929 1299 2016 episcope,
1321 1941 1523 2041 ⁸2·?},2¹.¹,¹{21¹,¹{f,

320 2027 432 2093 lutam
493 2029 587 2096 Boua
623 2036 658 2097 et
694 2030 874 2097 laudabilia
910 2030 1055 2108 servitia,
1085 2053 1160 2117 quae
1197 2031 1373 2110 Antonius,
1386 2040 1529 2084 ernustum.

321 2131 487 2216 quondam
509 2132 697 2218 patriarcha
725 2133 918 2212 Jerusalem,
941 2133 1111 2220 episcopus
1133 2133 1374 2212 Dunolmensis,

321 2232 537 2318 praedecessor
566 2241 681 2315 vester,
705 2235 888 2314 defunctus,
911 2234 1043 2300 domino
1073 2235 1247 2313 Eduardo,
1269 2257 1376 2321 nuper

322 2334 392 2421 regi
413 2334 550 2421 Angliae,
573 2337 662 2423 patri
683 2342 804 2416 nostro,
826 2341 861 2402 et
874 2336 979 2414 nobis,
1002 2335 1173 2422 impendit,
1189 2336 1232 2401 ad
1253 2358 1375 2404 memo·

322 2435 405 2501 riam
419 2435 621 2520 reducentes,
637 2460 675 2504 ac
697 2443 864 2525 praetextu
885 2437 1097 2504 servitiorum
1120 2438 1318 2518 eorundem3
1340 2443 1374 2504 et

321 2558 380 2622 pro
404 2559 441 2604 eo
463 2539 624 2621 similiter,
648 2541 737 2627 quod
757 2540 845 2605 idem
868 2540 1037 2626 episcopus
1058 2539 1154 2604 nobie
1178 2539 1214 2604 in
1236 2539 1375 2605 diversis

322 2639 452 2718 debitis,
467 2641 521 2708 die
544 2665 610 2729 quo
632 2642 724 2722 obiit,
740 2642 934 2723 tenebatur;
953 2642 1176 2708 desiderantes
1191 2647 1231 2708 ut
1252 2643 1374 2722 debita,

322 2741 484 2827 quaesibi,
506 2744 560 2809 die
581 2743 748 2832 praedicto,
772 2746 807 2808 in
830 2744 1019 2830 episcopatu
1040 2743 1255 2810 Dunelmensi
1278 2744 1374 2810 debe·

321 2845 453 2924 bantur,
476 2845 624 2912 celeriter
659 2846 821 2924 leventur,
852 2851 887 2912 et
921 2845 1150 2913 executoribus
1181 2845 1374 2912 testamenti

322 2947 425 3034 ipsius
461 2948 619 3028 defuncti,
656 2950 700 3014 ed
736 2948 1004 3015 satisfaciendum
1041 2948 1135 3014 nobis
1173 2948 1215 3014 de
1252 2948 1374 3013 debitis

322 3051 443 3114 nostris
464 3050 639 3137 praedictis,
657 3055 691 3116 et
713 3051 755 3116 ad
770 3051 995 3117 executionem
1010 3052 1202 3117 testamenti
1225 3050 1374 3138 praedicti

322 3151 400 3217 inde
422 3151 616 3231 faciendum,
650 3151 840 3230 liberentur,
861 3153 957 3218 vobis
989 3153 1192 3230 mandamus,
1213 3157 1374 3238 rogantes,

323 3254 412 3340 quod
441 3253 574 3319 ballivis
595 3258 630 3320 et
651 3254 812 3320 ministris
834 3253 952 3319 vestris
978 3254 1183 3341 episcopatus
1215 3254 1374 3340 praedicti,

217 3431 221 3440 .
322 3358 363 3420 ut
393 3356 436 3422 ed
457 3355 579 3434 debita,
601 3377 675 3442 quae
698 3356 834 3442 praefato
857 3355 1084 3442 praedecessori
1107 3359 1225 3432 vestro,
1246 3355 1284 3419 in
1307 3355 1374 3441 epi-

323 3462 458 3544 scopatu
480 3458 648 3544 praedicto,
671 3459 724 3524 die
758 3457 869 3523 obitus
900 3457 961 3534 sui,
985 3455 1198 3534 debebantur,
1232 3460 1266 3521 et
1300 3478 1375 3541 quse

324 3560 549 3626 executoribus
587 3560 778 3625 testamenti
811 3559 863 3624 sui
897 3558 1006 3624 adhuc
1039 3556 1196 3624 solvenda
1238 3561 1376 3638 restant,

324 3663 544 3749 recuperanda
566 3667 601 3728 et
622 3663 765 3727 levanda
785 3661 929 3747 ipsisque
944 3659 1173 3726 executoribus
1195 3659 1373 3744 liberanda,

324 3766 534 3831 intendentes
556 3763 633 3842 sint,
658 3768 692 3829 et
714 3761 923 3840 auxiliantes,
945 3760 1031 3828 detis
1054 3761 1192 3828 firmiter
1223 3761 1259 3826 in
1280 3783 1374 3827 man·

324 3867 422 3932 datis.
468 3866 565 3932 Teste
588 3865 711 3952 meipso
733 3863 823 3952 apud
845 3863 1055 3944 Londinium,
1070 3861 1117 3930 x⁰.
1139 3864 1194 3930 die
1212 3863 1373 3942 Octobris,

325 3989 412 4034 anno
433 3968 527 4056 regni
549 3966 654 4034 nostri
676 3967 803 4054 quinte.

324 4182 588 4248 Brevaregspma
664 4169 857 4249 Edwardus,
887 4169 953 4234 Dei
990 4169 1106 4256 gratia,
1137 4189 1198 4233 rex
1234 4167 1373 4254 Angliae,
1411 4177 1517 4260 ¹raras·

324 4251 586 4368 ffiffieffiffi
619 4273 771 4338 dominus
781 4271 960 4349 Hiberniae,
976 4275 1010 4337 et
1025 4270 1094 4335 dux
1107 4269 1306 4354 Aquitaniae,
1317 4292 1372 4336 ve·
1385 4238 1429 4381 ξι
1446 4239 1530 4335 esest

1402 4339 1512 4394 nboptor

324 4383 440 4436 Nonon’.
622 4374 762 4440 nerabili
776 4375 813 4438 in
828 4373 959 4439 Christo
981 4373 1076 4458 patri,
1095 4371 1243 4451 Ricardo‚
1261 4371 1371 4436 eadem
1385 4390 1541 4446 themam

323 4477 442 4565 gratia,
458 4477 607 4565 episcopo
630 4475 857 4552 Dunolmensi,
871 4475 1020 4540 salutem.
1060 4472 1178 4538 Sciatis
1194 4473 1282 4559 quod
1304 4441 1535 4584 1108,ἓὲῗᾶὗὶἽο
1595 4498 1600 4510 ·

323 4581 358 4644 in
383 4581 473 4646 curia
505 4585 625 4659 nostra,
650 4599 758 4646 coram
787 4577 980 4662 justiciariis
1003 4577 1131 4654 nostris,
1154 4577 1242 4662 apud
1265 4576 1373 4641 West-
1385 4553 1540 4637 01le

323 4682 568 4760 monasterium,
583 4703 641 4767 per
662 4679 953 4746 considerationem
969 4676 1115 4763 ejusdem
1130 4678 1229 4744 curiae
1244 4682 1373 4758 nostrae,
