3502 6108
470 813 668 864 nuorsrnun
691 813 893 864 Patauinum
915 815 1158 866 nuusunuusu.
1250 805 1334 867 1201

121 1015 398 1166 annprnapptpptz
413 1001 601 1168 addteprapn
624 1000 762 1188 {alteri
784 1000 824 1065 de
847 1000 1067 1168 Lutrpngtton
1081 1008 1116 1066 et
1138 1023 1195 1088 per
1216 1009 1336 1170 tgmarp
1365 1027 1487 1071 nonan.

399 1123 428 1166 n
472 1124 490 1167 e
541 1126 566 1168 u
582 1124 645 1187 ryn
703 1124 734 1181 n,
758 1123 872 1166 versus
903 1123 1199 1189 monemusque
1251 1126 1337 1190 ape-

289 1201 464 1288 thorngat’‚
486 1209 531 1268 ·et
568 1203 609 1268 de
642 1201 916 1288 Oapelthorngat',
939 1224 1053 1268 versus
1088 1205 1257 1281 orientem,
1280 1227 1338 1290 per

289 1303 612 1390 Capelesheveddyk'
634 1324 747 1369 versus
778 1308 901 1388 terram
931 1302 1096 1370 Johannis
1127 1305 1272 1383 Colman,
1304 1312 1338 1370 et

289 1405 330 1470 de
363 1411 453 1472 term
484 1407 588 1492 ipsius
621 1406 783 1472 Johannis
814 1427 918 1490 usque
956 1409 1077 1472 temam
1111 1406 1246 1474 Thomae
1284 1410 1338 1474 del

289 1507 425 1584 Buskes
458 1513 493 1574 et
523 1528 582 1593 per
612 1512 734 1572 terram
771 1506 875 1592 ipsius
909 1507 1043 1573 Thomae
1076 1528 1191 1573 versus
1223 1509 1338 1595 Capel-

289 1609 463 1695 thorngat',
487 1615 521 1673 et
554 1630 613 1694 per
637 1608 913 1695 Cepelthorngat',
935 1630 1049 1674 versus
1071 1609 1212 1686 boream,
1235 1633 1339 1696 usque

290 1710 550 1797 Byllershaugat,
582 1716 617 1775 et
654 1710 695 1774 de
733 1709 994 1795 Byllershaugat'
1034 1715 1150 1776 versus
1188 1717 1338 1777 austrum

289 1833 393 1897 usque
415 1810 623 1888 Carterwell',
646 1818 681 1875 et
702 1811 743 1875 de
766 1811 974 1891 Carterwell’,
991 1824 1115 1877 versus¹
1128 1814 1339 1894 occidentem,

179 1957 180 1960 κ
289 1935 347 1998 per
377 1913 468 1977 viam
505 1912 685 1977 molendini
722 1913 763 1977 de
793 1911 964 1996 Thikeley,
997 1935 1102 1998 usque
1139 1915 1181 1980 ad
1218 1921 1340 1980 terram

288 2014 445 2080 Willelmi
468 2014 509 2078 dc
541 2013 726 2092 Ookerton’,
750 2019 785 2078 et
815 2035 873 2098 per
903 2020 1026 2079 terram
1054 2015 1159 2100 ipsius
1183 2015 1340 2083 Willelmi

289 2137 392 2201 usque
423 2117 466 2180 ad
488 2115 655 2180 vivarium
677 2114 871 2200 praedictum
898 2115 935 2179 in
956 2113 1131 2202 Wydhop'3
1152 2117 1340 2182 habendum

290 2225 325 2283 et
355 2217 535 2283 tenendum
565 2221 676 2281 totum
709 2217 905 2304 praedictum
929 2224 1070 2298 vastum,
1093 2217 1182 2282 infra
1216 2219 1340 2284 divisas

290 2321 534 2406 suprascriptas,
558 2318 679 2384 eisdem
694 2319 859 2384 Willelmo
875 2324 909 2383 et
923 2319 1082 2399 Matildae‚
1098 2324 1132 2384 et
1154 2321 1340 2386 haeredibus

290 2422 331 2487 de
353 2421 540 2508 corporibus
562 2419 631 2486 suis
646 2421 853 2501 exeuntibus,
868 2421 909 2486 de
932 2421 1026 2486 nobis
1048 2427 1083 2498 ct
1105 2423 1340 2488 successoribus

290 2524 423 2602 nostris,
446 2529 480 2589 et
513 2523 647 2589 ecclesia
679 2529 792 2588 nostra
825 2522 1049 2600 Dunelmensi,
1078 2523 1188 2601 libere,
1221 2526 1340 2609 quiete,

290 2627 427 2712 integre,
464 2626 549 2690 bene
587 2630 621 2690 et
657 2624 694 2688 in
731 2645 820 2710 pace.
880 2624 1108 2690 concessimus
1140 2627 1251 2704 etiam,
1281 2649 1340 2712 pro

290 2728 384 2793 nobie
406 2733 440 2792 ct
462 2726 700 2794 successoribus
726 2725 853 2803 nostris,
877 2725 999 2790 eisdem
1023 2725 1187 2792 Willelmo
1210 2733 1244 2792 et
1269 2729 1339 2793 Ma-

291 2830 392 2911 tildae,
415 2835 450 2894 et
471 2827 655 2894 haeredibus
679 2827 747 2892 suis
770 2827 944 2912 praedictis,
968 2849 1174 2894 communem
1197 2829 1340 2914 pasturae

290 2931 326 2996 in
360 2936 432 2996 tota
465 2930 587 2995 foresta
617 2934 730 2994 nostra
762 2933 796 2992 et
828 2949 1044 2995 successorum
1079 2936 1274 3012 nostrorum,
1306 2938 1340 2996 et

291 3031 450 3110 similiter,
484 3052 691 3098 communem
721 3035 866 3116 pasturae
888 3032 935 3094 .in
966 3031 1060 3097 West
1091 3033 1267 3110 Aukland’,
1298 3055 1340 3097 ex

291 3141 384 3221 parte
414 3134 551 3199 australi
573 3154 666 3217 aquae
690 3133 731 3196 de
754 3131 928 3209 Gaeunles,
952 3132 995 3196 ad
1018 3133 1207 3199 omnimoda
1228 3135 1340 3199 averia

291 3259 359 3317 aua,
375 3243 533 3322 tanquam
555 3235 777 3321 pertinentem
800 3233 842 3299 ad
865 3234 1057 3318 praedictum
1073 3240 1223 3310 vastum;
1247 3236 1340 3300 salva

290 3339 385 3403 nobis
407 3343 443 3403 et
464 3336 700 3402 successoribus
714 3336 835 3400 nostris
858 3334 961 3399 libera
977 3341 1138 3421 potestate
1153 3338 1338 3422 appruandi

290 3440 332 3504 de
354 3439 457 3504 vastis
488 3437 609 3502 nostris
640 3437 676 3500 in
706 3436 819 3500 eadem
851 3435 977 3511 foresta,
999 3440 1034 3500 et
1064 3436 1137 3500 aliis
1159 3438 1262 3502 vastis
1296 3459 1338 3502 ex

290 3546 384 3626 parte
412 3539 550 3604 australi
581 3558 676 3623 aquae
698 3538 740 3602 de
762 3535 935 3629 Gaounles.
981 3536 1141 3601 Volumus
1172 3539 1281 3614 etiam,
1304 3544 1338 3603 et

290 3641 506 3716 concedimus,
535 3660 594 3724 pro
624 3638 719 3703 nobis
752 3643 787 3702 et
820 3637 1056 3702 successoribus
1088 3638 1219 3718 nostris,
1251 3640 1337 3724 qnod

290 3743 391 3807 iidem
413 3740 597 3807 Willelmus
629 3744 667 3814 et¹
693 3739 841 3814 Matilda,
865 3743 900 3802 et
930 3737 1074 3803 haeredes
1097 3739 1149 3803 sui
1179 3741 1338 3826 praedicti,

291 3843 396 3930 quieti
419 3843 487 3907 sint
509 3842 550 3907 de
573 3839 737 3926 pannagio
763 3861 933 3924 porcorum
957 3861 1099 3916 suorum,
1122 3841 1157 3904 in
1180 3841 1336 3927 praedicto

290 3950 385 4011 vasto
400 3943 600 4010 nutritorum
615 3942 669 4006 vel
684 3940 885 4017 cubantium,
900 3962 958 4026 per
972 3945 1077 4006 totam
1092 3941 1246 4007 forestam
1262 3965 1336 4008 noe-

290 4052 386 4125 tram,
410 4053 444 4112 et
466 4065 684 4111 successorum
706 4048 903 4120 nostrorum,
919 4042 955 4104 in
978 4050 1181 4128 perpetuum.
1227 4044 1337 4124 Quare

289 4149 442 4214 volumus
479 4153 513 4212 et
550 4145 765 4221 consedimus,
798 4164 857 4227 pro
895 4142 990 4207 nobis
1026 4150 1061 4208 et
1098 4146 1349 4211 successoribus

288 4251 419 4326 nostris,
444 4248 533 4333 quod
566 4245 715 4334 praedicti
742 4244 926 4308 Willelmus
948 4249 982 4306 et
1004 4241 1151 4322 Matilda,
1175 4251 1210 4310 et
1231 4246 1334 4312 haere-

287 4354 345 4419 dee
375 4352 426 4417 sui
456 4348 617 4436 praedicti,
646 4346 790 4411 habeant
823 4351 858 4410 et
890 4350 1025 4410 teneant
1054 4350 1163 4412 totum
1200 4355 1331 4414 vastum
1460 4418 1463 4425 ,

288 4455 489 4543 praedictum,
521 4473 595 4516 cum
628 4448 781 4513 omnibus
814 4447 1021 4512 libertatibus
1051 4454 1085 4512 et
1118 4449 1331 4533 aysiamentis

287 4555 462 4645 praedietis,
485 4553 522 4618 in
543 4556 746 4638 perpetuum,
770 4551 827 4634 per
849 4547 1021 4613 servitium
1052 4549 1330 4637 quinquagesimae

286 4659 390 4745 partis
413 4656 501 4722 feodi
534 4655 632 4719 unius
654 4651 791 4730 militis;
824 4657 857 4716 et
879 4650 1044 4716 reddendo
1077 4652 1172 4717 nobis
1195 4659 1228 4717 et
1258 4676 1330 4720 sue-

373 4775 451 4827 VOL·
475 4774 512 4827 11.
1142 4769 1197 4818 LL
