3566 5712
412 807 477 878 878
589 789 787 872 asersiavu
809 815 1011 868 rimamur
1033 815 1278 867 nuuraunusr.

261 1031 382 1074 suma
411 1027 485 1069 rum
515 1004 746 1090 praedictorum
775 1003 958 1090 apponatis,
980 1006 1015 1068 et
1044 1023 1103 1088 per
1131 1001 1300 1066 ministros
1330 1003 1455 1066 vestros
1468 1006 1596 1060 sareas
1605 1013 1625 1054 1·

411 1108 533 1193 apponi
554 1107 690 1184 faciatis,
704 1112 745 1172 ut
763 1105 888 1174 factum
910 1109 1057 1172 vestrum
1079 1105 1116 1170 in
1137 1105 1200 1170 bac
1222 1111 1315 1192 parte
1338 1104 1456 1170 merito

411 1209 586 1274 debeamus
614 1208 885 1274 recommendare.
947 1207 993 1272 Et
1013 1206 1193 1272 remittatis
1222 1206 1271 1272 ibi
1293 1210 1374 1271 tunc
1395 1204 1457 1272 hoc

314 1351 317 1360 ·
411 1310 519 1376 breve.
574 1309 679 1388 Teste,
694 1309 745 1375 W.
760 1310 801 1374 de
816 1310 850 1373 N
852 1330 1000 1395 orwyco,
1014 1308 1103 1395 apud
1117 1307 1454 1384 westmonasterium,

411 1433 465 1477 xv.
489 1412 542 1476 die
572 1411 666 1492 Julii,
688 1431 774 1476 anno
807 1411 902 1497 regni
938 1410 1044 1475 nostri
1076 1410 1289 1475 sexto—Per
1312 1409 1457 1474 rotulum

412 1512 554 1598 compoti
569 1512 686 1598 prioris
700 1510 940 1588 Duneimensis,
955 1511 1135 1578 collectoris
1149 1510 1288 1578 subsidii
1310 1510 1459 1596 praedicti

413 1614 449 1678 in
471 1613 660 1699 episcopatu
682 1611 907 1679 Dunelmensi.

747 1834 938 1910 edwardus,
968 1833 1031 1899 os
1064 1835 1180 1920 gaus,
1218 1855 1280 1901 rex
1316 1833 1455 1924 angus

245 1849 377 1944 3de
411 1871 494 1928 Breve
516 1875 611 1928 domini
631 1893 670 1928 re·
782 1936 789 1950 ι
916 1934 923 1948 ,
1010 1935 1017 1950 ‚
1407 1936 1414 1950 ,

246 1949 376 1996 “slusa“
410 1943 546 2008 geconoa
556 1943 669 1994 alanum
703 1936 855 2000 dommus
878 1933 1058 2016 Hrbernree,
1089 1940 1125 2000 et
1155 1936 1223 2001 dux
1254 1936 1457 2021 Aquitamae,

244 2000 443 2144 tatium
456 2010 602 2061 neem
702 2036 883 2103 venerabili
920 2037 956 2101 in
988 2035 1121 2102 carae
1154 2038 1250 2124 pass,
1276 2037 1455 2122 [arasse]

283 2149 377 2196 reme
413 2139 525 2204 eadem
548 2139 664 2225 gratia,
687 2140 837 2226 episcopo
867 2138 1092 2219 Dunelmensi,
1114 2138 1169 2203 vel
1191 2138 1262 2224 ejus
1284 2140 1372 2206 vices
1400 2161 1457 2226 ge·

246 2199 369 2294 aarum
412 2240 507 2318 renti,
523 2241 671 2306 salutem.
718 2240 807 2321 Quia
820 2239 947 2305 Alanus
969 2239 1010 2304 de
1025 2239 1169 2316 Tesdale,
1184 2239 1319 2305 clericus
1338 2245 1457 2306 vestrae

413 2342 569 2420 dioecesis,
589 2362 657 2407 non
678 2341 780 2407 habet
800 2341 920 2407 laicum
942 2339 1083 2422 feodum,
1106 2362 1166 2426 per
1188 2341 1275 2426 quod
1297 2341 1451 2429 distringi

412 2447 529 2529 potest,
549 2446 649 2530 prout
670 2444 847 2509 vicecomes
869 2447 982 2508 noster
1004 2440 1252 2508 Nortbumbriae
1268 2441 1456 2507 returnavit

412 2566 520 2610 coram
542 2541 719 2610 baronibus
741 2545 782 2609 de
805 2544 971 2610 scaccario
993 2548 1114 2622 nostro,
1129 2565 1150 2608 a
1164 2543 1219 2608 die
1234 2543 1348 2609 Sancti
1371 2543 1458 2608 Mar-

412 2647 477 2711 tini
507 2647 658 2732 proximo
678 2646 846 2731 praeterito
870 2645 908 2710 in
929 2667 983 2711 xv.
1007 2646 1097 2722 dies;
1131 2644 1226 2712 vobis
1252 2644 1456 2727 mandamus,

411 2761 548 2812 Retomm
571 2761 642 2812 suus
676 2747 762 2812 sicut
783 2746 914 2833 pluries,
937 2747 1025 2832 quod
1051 2747 1258 2834 distringatis
1281 2746 1457 2833 praefatum

411 2827 642 2958 fflgff-ffib
674 2847 828 2930 Alanum,
845 2871 902 2936 per
921 2848 1079 2915 beneficia
1100 2870 1161 2946 sua
1182 2849 1399 2915 ecelesiastica
1420 2850 1457 2912 in

413 2975 447 3030 Q
674 2951 806 3017 dioecesi
835 2955 946 3015 vestra
977 2950 1157 3038 praedicta3
1205 2951 1255 3015 ita
1292 2951 1379 3036 quod
1413 2951 1458 3016 sit

411 3075 519 3120 coram
542 3055 719 3122 baronibus
741 3055 783 3119 de
806 3051 972 3118 Scaccario
993 3056 1106 3116 nostro
1128 3050 1216 3138 apud
1237 3049 1458 3118 Westmonas·

411 3157 539 3237 terium,
562 3179 583 3221 a
605 3157 659 3222 die
682 3155 796 3223 Sancti
819 3153 988 3221 Michaelis
1014 3151 1051 3217 in
1071 3157 1137 3218 tres
1152 3152 1360 3239 septimanas,
1383 3176 1457 3221 cum

411 3258 535 3337 rotulis,
558 3258 723 3340 brevibus,
745 3255 856 3334 talliis,
879 3244 919 3320 et'
942 3253 1094 3319 omnibus
1124 3253 1198 3318 aiiis
1228 3255 1456 3334 memorandis,

411 3363 597 3446 compotum
619 3381 715 3425 suum
736 3356 960 3446 tangentibus,
973 3356 1017 3422 ad
1035 3354 1237 3421 reddendum
1258 3357 1354 3422 nobis
1369 3378 1455 3424 com·

410 3465 524 3547 potum
547 3462 588 3526 de
611 3461 756 3527 exitibus
777 3459 916 3526 manerii
939 3456 1044 3523 nostri
1066 3457 1106 3522 de
1120 3456 1232 3523 Werk'
1247 3457 1284 3521 in
1299 3459 1456 3544 Tyndaie,

410 3561 451 3626 de
473 3565 619 3649 tempore
642 3583 707 3650 quo
728 3561 806 3626 inde
827 3559 1009 3627 custodiam
1031 3558 1158 3636 babuit,
1176 3581 1217 3624 ex
1232 3559 1456 3624 commissione

412 3667 533 3728 nostra.
599 3663 644 3727 Et
673 3662 785 3730 sciatis
806 3661 893 3747 quod
923 3660 964 3725 de
985 3659 1047 3725 boc
1069 3661 1158 3745 quod
1180 3659 1308 3724 diversa
1341 3660 1456 3726 brevia

409 3767 531 3841 nostra,
546 3764 667 3850 pluries
689 3764 766 3828 inde
781 3763 874 3828 vobis
896 3761 1028 3839 directa,
1043 3761 1228 3826 executioni
1250 3761 1455 3842 demandare,

413 3887 473 3932 nec
495 3866 555 3930 illa
576 3864 620 3930 sd
641 3865 767 3931 dictum
784 3863 988 3931 Scacoarium
1010 3867 1161 3954 nostrum
1183 3863 1227 3928 ad
1248 3863 1357 3949 plures
1379 3864 1449 3930 dies

410 3967 604 4053 praeteritos,
636 3971 671 4031 et
702 3965 821 4031 ultimo
857 3965 894 4030 in
931 3965 1075 4031 crastino
1112 3964 1244 4031 Sanctae
1281 3964 1455 4032 Trinitatis

410 4070 560 4157 proximo
583 4069 760 4156 praeterito,
774 4070 945 4158 returnare
967 4067 1114 4144 curastis,
1138 4067 1225 4133 sicut
1247 4067 1341 4132 vobis
1363 4089 1458 4132 man·

282 4253 284 4256 ¹
412 4171 530 4236 datum
552 4170 628 4249 fuit,
642 4191 743 4255 quam
758 4169 936 4256 plurimum
951 4167 1160 4234 admiramur.
1205 4169 1251 4232 Et
1272 4167 1452 4233 remittatis

412 4272 459 4336 ibi
486 4273 546 4339 hoc
577 4273 686 4349 breve,
709 4276 744 4336 et
773 4269 840 4336 alia
861 4269 982 4335 brevia.
1027 4269 1132 4348 Teste,
1154 4266 1205 4337 W.
1228 4268 1269 4333 de
1292 4269 1454 4347 Norwico,

412 4373 499 4460 apud
515 4372 850 4449 westmonasterium,
865 4371 933 4456 xvj.
949 4371 1002 4436 die
1016 4371 1040 4436 J
1042 4371 1121 4448 unii,
1136 4391 1223 4434 anno
1238 4371 1331 4455 regni
1349 4375 1453 4440 nostri

413 4477 536 4561 quinto.
549 4475 665 4540 -Per
686 4475 785 4540 breve
814 4475 901 4561 regis
934 4473 971 4538 in
999 4495 1055 4540 xv.
1079 4471 1194 4538 Sancti
1224 4471 1370 4552 Martini,
1399 4498 1458 4562 per

412 4577 636 4644 vicecomitem
658 4576 913 4642 Nortbumbriae.
