3506 5702
402 793 468 864 748
582 805 783 860 aromaca
805 804 1011 856 rimaraum
1034 802 1278 856 crumenae

249 1005 373 1053 All-1³¹⁵·
401 1001 517 1068 stolioa
539 1006 573 1066 et
595 999 758 1087 imperiali
788 999 995 1078 auctoritate,
1018 999 1176 1076 notarius,
1199 998 1376 1086 praemissae
1406 1013 1629 1070 Μικίψα

403 1103 591 1190 signationi
607 1107 645 1168 ut
667 1101 892 1190 premittitur,
908 1100 1014 1183 lactea,
1036 1123 1178 1189 praesens
1200 1102 1345 1182 interfui,
1369 1124 1457 1167 eam-

406 1226 469 1290 que
491 1204 540 1269 sio
569 1204 642 1268 fieri
664 1203 793 1269 vidiat
822 1203 946 1294 audivi,
969 1204 1083 1290 scripsi
1105 1209 1140 1270 et
1163 1204 1338 1290 publicavi,
1364 1212 1398 1270 et
1420 1206 1456 1268 in

403 1305 487 1370 hanc
509 1304 674 1391 publicam
708 1305 904 1390 scripturam
936 1309 970 1371 et
1002 1304 1140 1371 formam
1171 1305 1291 1392 redegi,
1319 1329 1455 1393 meoque

404 1407 499 1492 signo
521 1411 675 1472 consueto
705 1411 739 1471 et
771 1405 903 1470 nomine
937 1405 1120 1492 signavi,a
1150 1406 1288 1493 praefato
1323 1409 1457 1474 domino

403 1509 551 1574 Gilberto
575 1507 759 1594 specialiter
782 1513 923 1594 rogatus

232 1703 380 1764 oonssonor
404 1727 512 1779 sollario
545 1727 668 1777 resenas
746 1683 914 1763 Ricardus,
937 1685 1150 1772 permissione
1172 1685 1297 1765 divina,
1320 1694 1389 1767 ete,
1406 1689 1456 1754 di·

233 1753 382 1856 llibeblfto
403 1793 470 1844 facta
487 1742 590 1843 anino
614 1793 669 1844 an-
705 1786 790 1852 leoto
805 1786 884 1864 filio,
900 1787 1033 1853 domino
1053 1788 1202 1853 Gilberto
1217 1789 1258 1854 de
1273 1791 1455 1878 Wygeton',

234 1853 385 1997 iffi?
403 1860 473 1910 berto
484 1861 515 1910 ‘¹⁰
526 1861 662 1926 wdffem'
703 1889 852 1967 salutem,
862 1891 1006 1976 gratiam
1021 1896 1056 1956 et
1070 1891 1343 1958 benedictionem.
1377 1895 1456 1959 Tuae

233 2003 370 2102 ffieylpepa
404 1993 580 2080 probitatis
601 1999 636 2058 et
657 1993 803 2057 honestae
829 1992 1086 2057 conversationis
1116 1993 1242 2071 merita,
1273 1994 1456 2079 dequibus

235 2103 380 2200 {lffilffi}
404 2096 569 2162 laudabile
592 2093 819 2160 testimonium
845 2093 1035 2179 accepimus,
1058 2115 1119 2158 nos
1141 2095 1304 2161 inducunt
1335 2095 1456 2160 affectu

405 2204 438 2263 te
460 2199 612 2284 prosequi
645 2196 800 2282 gratioso,
823 2200 863 2261 ut
896 2217 934 2260 eo
957 2197 1061 2282 magis
1093 2197 1247 2262 annueris
1269 2197 1311 2262 ad
1334 2202 1454 2278 nostra,

405 2304 439 2364 et
462 2299 603 2376 ecclesiae
637 2303 767 2376 nostrae,
790 2298 923 2382 negotia
954 2300 1183 2384 promovenda,
1210 2320 1274 2385 quo
1305 2321 1362 2384 per
1388 2321 1456 2376 nos

406 2407 441 2466 et
455 2403 570 2488 ipsam,
586 2405 621 2464 te
635 2399 737 2464 latius
752 2400 891 2464 senseris
908 2398 1070 2466 honorari.
1115 2401 1330 2466 Praebendam
1345 2401 1456 2486 igitur,

405 2525 463 2568 seu
496 2503 689 2590 portionem,
722 2523 821 2587 quam
853 2501 1005 2566 dominus
1040 2502 1208 2567 Gilbertus
1239 2501 1280 2566 de
1314 2502 1457 2567 Sandals

405 2625 511 2691 nuper·
544 2603 662 2668 habuit
694 2603 731 2667 in
763 2602 895 2668 ecclesia
926 2603 968 2668 de
999 2604 1193 2682 Aukelanrl,
1222 2626 1280 2690 per
1311 2604 1458 2689 ejusdem

405 2705 542 2771 liberam
573 2710 607 2771 et
635 2709 849 2791 spontaneam
879 2705 1140 2792 resignationem,
1163 2711 1335 2796 vacantem
1359 2707 1458 2770 etad

406 2808 613 2874 collationem
643 2812 790 2872 nostram
824 2807 921 2893 pleno
951 2809 1026 2892 jure
1049 2813 1261 2894 spectantem,
1284 2830 1361 2873 cum
1389 2809 1457 2873 suis

401 2911 530 2998 juribus
553 2915 587 2974 et
610 2909 818 2996 pertinentiis
838 2909 1008 2988 universis,
1024 2910 1088 2974 tibi
1110 2910 1315 2988 conferimus,
1330 2911 1458 2975 intuitu

407 3012 565 3091 caritatis,
581 3016 615 3076 et
630 3010 815 3076 Robertum
827 3011 869 3074 de
885 3011 1078 3097 Morisceby‚
1094 3017 1337 3097 procuratorem
1352 3019 1457 3092 tuum,

406 3135 465 3200 pro
489 3117 531 3190 te,
555 3117 589 3177 et
611 3113 742 3178 nomine
775 3118 843 3190 tue,
865 3113 1062 3178 investimus
1091 3135 1149 3200 per
1178 3119 1329 3178 nostrum
1352 3136 1458 3180 annu·

405 3217 476 3280 lum
499 3216 539 3280 de
569 3215 698 3281 eisdem.
756 3215 798 3277 In
826 3215 918 3299 cujus
951 3216 999 3280 rei
1021 3217 1257 3295 testimonium,
1279 3222 1458 3304 praesentes

407 3317 519 3381 literas
541 3316 605 3381 tibi
633 3316 712 3393 fieri,
735 3321 770 3380 et
799 3321 911 3380 nostro
942 3317 1050 3402 sigillo
1084 3316 1219 3383 fecimus
1254 3320 1456 3384 communiri.

408 3419 533 3484 Datum
556 3419 646 3504 apud
669 3417 835 3495 Stekton',
858 3416 956 3503 xxij0.
972 3420 1025 3484 die
1048 3420 1170 3485 mensis
1192 3419 1354 3502 Octobris,
1371 3443 1457 3486 anno

407 3521 542 3587 Domini
565 3520 740 3585 millesimo
762 3516 837 3585 occ⁰.
865 3507 1119 3604 quintodecimo,
1143 3525 1178 3585 et
1203 3523 1458 3588 consecrationis

408 3627 530 3688 nostrae
553 3623 677 3708 quinto.

723 3789 818 3870 Quod
841 3791 955 3856 eodem
971 3792 1025 3856 die
1047 3795 1243 3860 mandatum
1264 3795 1330 3861 fuit
1352 3796 1458 3862 archi.
1571 3823 1575 3831 .

240 3824 385 3919 llssngdfssffw
409 3857 644 3911 memorandum*
702 3891 709 3906 .

241 3925 363 3970 decanum

241 3976 379 4024 onoma
678 3893 814 3958 diacono
837 3893 1063 3974 Dunolmensi,
1085 3897 1140 3961 vel
1163 3897 1265 3983 ejus‘.
1290 3953 1297 3966 .
1321 3897 1458 3979 officiali,

240 4025 372 4088 „dume
410 3997 498 4080 quod
519 3996 628 4081 ipsum
662 3981 836 4060 induceret
858 3995 894 4060 in
923 3997 1047 4076 eadem,
1077 4019 1152 4063 cum
1174 4000 1243 4064 suis
1269 3998 1403 4085 juribus
1424 4007 1458 4067 et

240 4077 398 4181 &⁴3¹²ssss
409 4096 620 4184 pertinentiis
642 4097 816 4176 universis,
839 4103 873 4162 et
896 4097 1086 4166 defenderet
1107 4099 1290 4166 inductum.

239 4322 352 4376 appone.
409 4331 616 4390 Procurator-iam
694 4298 734 4364 In
758 4298 822 4364 Dei
844 4301 986 4380 nomine,
1001 4301 1119 4372 Amen.
1164 4303 1273 4385 Anno,
1289 4327 1310 4375 a
1324 4304 1458 4374 Nativi-

240 4373 387 4518 Egillollll
410 4398 532 4463 ejusdem.
649 4405 720 4466 tate
731 4401 900 4486 Ejusdem,
909 4417 1114 4488 u0.cco0.xv⁰.‚
1128 4405 1315 4474 Indictione
1326 4415 1459 4495 quarta-

236 4475 377 4604 'debirit
410 4497 544 4580 decima,
572 4501 625 4567 die
649 4502 798 4583 sabbati,
829 4504 890 4589 xjv.
922 4507 1044 4571 mensis
1072 4507 1234 4586 Octobris,
1258 4511 1458 4578 constitutus

409 4602 624 4686 personaliter
645 4605 681 4668 in
710 4606 887 4691 praesentia
917 4607 991 4688 mei,
1014 4610 1137 4675 notarii
1168 4610 1302 4696 publici,
1331 4621 1366 4680 et
1392 4618 1458 4680 tes-
