3562 5710
421 785 508 856 1072
598 801 796 852 snmsmuu
819 799 1021 852 summurn
1044 798 1290 850 nuunnunusn.

269 1005 389 1050 sums
417 1019 500 1071 Bm„
519 1035 566 1084 pro
580 1019 706 1069 ,qma
784 984 977 1064 Edwardus,
1003 983 1066 1049 Dei
1099 984 1217 1071 grstiq
1243 1005 1302 1050 nex
1328 984 1642 1070 unguerem-m

248 1069 335 1163 &tt
369 1082 385 1162 ι
418 1093 544 1137 cavens
560 1087 593 1136 de
613 1085 706 1137 sueto
739 1085 893 1151 eominus
919 1085 1101 1166 sicerum,
1125 1091 1160 1152 et
1181 1086 1252 1151 eux
1265 1085 1469 1172 Aquitaniae,

246 1169 404 1264 inviiidm
418 1153 527 1204 ΝΜ
739 1186 921 1252 venerabili
951 1187 989 1251 in
1021 1185 1153 1252 Christo
1190 1186 1286 1274 petri,
1318 1186 1467 1266 Ricerdo,

246 1268 380 1363 3323}
416 1289 529 1355 eedem
550 1289 666 1375 gretie,
686 1287 838 1376 episcopo
862 1287 1087 1366 Dunolmensi,
1109 1289 1256 1355 sulutem.
1302 1288 1387 1355 Cum
1411 1290 1468 1353 ab·

246 1368 391 1414 ΜΝ*
415 1389 474 1456 bes
496 1397 531 1456 et
552 1395 735 1470 conventus
754 1390 795 1455 de
816 1389 938 1457 Sancto
953 1389 1083 1456 Albano
1105 1389 1351 1458 advocationem
1369 1391 1466 1457 eccle-

415 1490 473 1556 siae
495 1491 536 1558 de
551 1491 642 1556 Over
654 1491 867 1578 Conesclym,
890 1490 931 1557 de
949 1491 1035 1556 dono
1051 1496 1085 1556 et
1105 1492 1310 1558 concessione
1325 1491 1466 1558 Gilberti

416 1592 597 1670 Dentherd,
614 1592 781 1678 quondam
797 1592 924 1659 domini
940 1593 1080 1658 manerii
1094 1593 1135 1658 de
1151 1591 1240 1658 Over
1254 1591 1464 1678 Oonesclyve,

415 1699 449 1759 et
471 1693 603 1780 petroni
625 1693 771 1778 ejusdem
787 1693 938 1772 ecclesius,
954 1697 987 1760 st
1003 1693 1062 1778 qui
1081 1693 1168 1758 idem
1184 1693 1375 1770 manerium,
1389 1715 1463 1762 cum

414 1795 632 1882 pertinentiis,
648 1795 688 1862 de
711 1794 907 1881 quibusdem
931 1794 1193 1882 progenitoribus
1219 1797 1340 1861 nostris
1362 1818 1466 1882 quon-

414 1897 491 1963 dsm
506 1897 638 1984 regibus
653 1897 795 1984 Angliae,
812 1898 931 1975 tenuit,
954 1903 990 1963 et
1012 1919 1055 1962 ex
1074 1897 1277 1964 concessione
1299 1902 1334 1964 et
1347 1899 1465 1965 confir-

414 1998 558 2064 matione
580 1999 786 2065 diversorum
807 1999 976 2064 haeredum
1002 1998 1106 2084 ipsius
1128 1997 1278 2077 Gilberti,
1303 2019 1341 2064 eo
1363 2000 1464 2064 etism

414 2122 473 2188 per
487 2099 768 2166 confirmationem
789 2100 995 2186 quorundum
1016 2099 1260 2188 progenitorum
1277 2107 1462 2166 nostrorum

413 2224 435 2267 c
450 2224 568 2290 magno
582 2207 729 2289 tempore
742 2202 882 2267 fuissent
896 2200 1029 2288 sdepti3
1046 2207 1080 2266 et
1095 2200 1285 2280 Willelmus,
1298 2202 1463 2288 quondum

413 2305 493 2372 bero
508 2305 549 2370 de
564 2305 747 2392 Oreystok',
762 2304 971 2392 postmodum
986 2303 1138 2368 dominus
1152 2304 1290 2369 manerii
1304 2305 1463 2390 praedicti,

413 2412 521 2472 totum
543 2408 600 2493 jus
623 2413 657 2472 et
678 2406 842 2483 clsmium,
867 2405 956 2492 quod
981 2405 1098 2471 hebuit
1120 2406 1173 2470 vel
1199 2405 1319 2472 hebere
1344 2408 1462 2494 potuit,

413 2509 450 2573 in
472 2508 686 2575 advocatione
709 2506 875 2594 praediots,
899 2528 957 2592 pro
978 2528 1013 2571 se
1039 2511 1074 2572 et
1094 2505 1280 2574 haeredibus
1303 2509 1380 2589 suis,
1404 2531 1462 2595 per

413 2611 572 2696 scriptum
595 2632 698 2686 suum,
715 2608 861 2696 preefctis
880 2607 994 2673 abbati
1017 2612 1052 2673 et
1073 2609 1252 2674 conventui
1275 2611 1461 2687 remisisset,

412 2719 448 2780 et
461 2712 816 2798 quietum-clemssset;
838 2709 984 2795 dictique
999 2708 1101 2776 ubbss
1123 2715 1158 2775 et
1179 2717 1367 2790 conventus
1387 2717 1462 2798 post

412 2798 649 2881 assecutionem
661 2811 886 2878 advocationis
896 2811 1071 2898 praedictae,
1082 2811 1248 2878 ecclesiam
1258 2813 1460 2898 praediotum,

412 2937 470 3002 per
491 2915 603 2980 literas
634 2913 729 2978 bonae
760 2913 924 2978 memoriae
950 2912 1142 2992 Alexandri,
1165 2914 1330 3000 quondam
1353 2914 1460 3000 Pepse,

413 3015 540 3096 Quarti,
562 3015 714 3091 bullatus,
739 3035 873 3080 assensu
901 3013 1037 3078 Roberti
1061 3013 1294 3080 Dunolmensis
1318 3015 1460 3103 episcopi

411 3116 653 3204 pnedecessoris
691 3115 804 3194 vestri,
842 3119 877 3180 et
914 3113 1060 3200 ejusdem
1096 3115 1160 3180 loci
1191 3117 1328 3203 capituli
1361 3116 1461 3184 inter·

411 3219 574 3296 veniente,
590 3218 654 3284 rite
669 3216 943 3304 appropriassent,
957 3220 1070 3282 etcum
1086 3238 1145 3304 per
1159 3239 1316 3305 magnum
1331 3225 1460 3306 tempus

410 3319 655 3408 appropriatum
688 3317 822 3405 pecifioe
856 3316 1059 3393 tenuissent;
1098 3339 1265 3404 quousque
1297 3318 1459 3386 Wultems

410 3423 451 3488 de
468 3421 620 3497 Olifford’,
643 3419 786 3497 clericus,
801 3423 950 3504 tempore
973 3439 1038 3504 quo
1061 3411 1197 3484 sbbetis
1218 3420 1385 3506 proedictu,
1401 3445 1459 3509 per

409 3529 549 3590 mortem
576 3521 704 3608 Rogeri,
720 3541 827 3606 nuper
847 3520 977 3585 abbatis
1000 3519 1147 3605 ejusdem
1168 3520 1231 3588 loci
1254 3521 1402 3600 vsoebut,
1425 3530 1459 3588 et

409 3626 446 3690 in
468 3646 570 3690 manu
585 3623 710 3689 domini
733 3621 903 3702 Edwardi‚
920 3620 1086 3706 quondum
1116 3622 1201 3709 regis
1230 3622 1373 3709 Angliae,
1402 3647 1459 3711 pu-

407 3727 469 3792 tris
490 3725 605 3804 nostri,
620 3723 743 3801 extitit,
765 3729 800 3788 et
819 3745 884 3808 quo
907 3729 1054 3810 tempore
1076 3728 1258 3789 conventus
1278 3726 1458 3812 praedictus

409 3829 512 3893 ulium
535 3826 737 3916 defensorem
757 3823 883 3909 jurium
906 3845 1039 3888 suorum
1061 3845 1160 3909 quum
1183 3825 1310 3892 dictum
1332 3833 1456 3915 petrem

407 3935 557 3994 nostrum
584 3949 651 3992 non
680 3925 878 4001 hubuemnt,
909 3924 945 3988 in
968 3924 1057 3991 dicte
1087 3925 1222 3990 ecclesis
1254 3949 1289 3992 se
1311 3928 1459 4011 intrusit,

407 4038 442 4098 et
457 4031 503 4098 sic
518 4029 686 4098 ecclesium
707 4028 808 4105 illum,
823 4049 881 4114 per
902 4027 1049 4092 favorem
1070 4032 1104 4092 ot
1119 4029 1302 4114 potentiam
1316 4031 1458 4096 Antonii

406 4155 513 4220 nuper
534 4130 677 4219 episcopi
688 4128 928 4205 Dunolmensis,
950 4127 1060 4192 ultimi
1083 4128 1325 4213 proedeoessoris
1346 4133 1456 4212 vestri,

407 4245 475 4305 tem
509 4243 655 4322 tempore
681 4232 864 4300 vscstionis
896 4231 1039 4297 ubbatiae
1070 4231 1245 4317 prsedictae,
1275 4255 1374 4320 quum
1400 4257 1458 4322 per

405 4339 540 4427 sdiquod
561 4344 692 4423 tempus
721 4339 842 4421 postes,
870 4332 1017 4398 detinuit
1039 4338 1251 4420 occupctem3
1272 4337 1361 4421 quod
1389 4357 1456 4402 non

406 4444 511 4510 solum
534 4441 571 4505 in
593 4437 675 4504 dicti
689 4435 793 4522 petris
813 4434 927 4510 nostri,
944 4433 1001 4518 qui
1012 4433 1091 4518 jmu
1113 4434 1257 4502 cbbetiae
1277 4437 1455 4524 predicte,

406 4546 453 4612 sio
474 4544 511 4608 in
526 4560 627 4606 menn
648 4559 708 4603 sue
729 4537 911 4612 existentis,
933 4534 1063 4622 integre
1086 4541 1120 4600 et
1141 4536 1246 4604 illaess
1266 4559 1457 4606 conservare

405 4644 589 4720 tenebatur,
624 4637 861 4728 prejudicium,
889 4627 1014 4706 fuctum
1046 4637 1120 4718 fuit,
1154 4641 1395 4711 verumetiam
1420 4643 1457 4708 in
