3530 5708
511 773 712 828 assrsramr
734 771 938 828 ιυιιιιιιιιιιι
960 775 1201 828 nusnirmrrss.
1317 763 1382 826 855

156 960 464 1030 suessionensis
489 960 531 1026 de
554 959 770 1048 Langeoestr’,
790 979 879 1026 enno
901 958 1038 1026 Domini
1061 959 1532 1086 etc.[u0..jeo00]x0,nn.1m.

331 1067 366 1129 et
386 1062 560 1150 pontificat
560 1083 600 1128 us
621 1062 726 1127 nostri
748 1061 863 1148 primo.
1390 1041 1445 1136 iiii
1467 1047 1552 1146 eiii

1389 1105 1536 1296 {rme

328 1305 410 1383 Bm
418 1306 562 1359 dominre.
640 1269 833 1346 Edwmdus,
856 1267 920 1333 Dei
942 1267 1059 1354 gretia,
1081 1288 1141 1334 rex
1162 1269 1304 1356 Angliae,
1320 1243 1448 1334 ιιο-Νῦν
1389 1317 1438 1362 Ἦ,
1446 1243 1530 1370 Q?

328 1388 367 1436 ευ
393 1381 561 1436 protectore
533 1369 704 1436 reminus
726 1369 907 1447 Hiberniae,
922 1374 957 1435 et
978 1371 1049 1485 dux
1063 1370 1263 1456 Aquitaniae,
1278 1392 1375 1436 vene·
1388 1369 1487 1460 W
1472 1369 1536 1462 dim

328 1437 516 1506 “mm
516 1457 731 1538 nwaere·
722 1494 759 1536 m
789 1471 1230 1558 mesopotamiensis
1262 1468 1545 1538 ιιιιωιυυυυυυ

327 1571 445 1658 gratia,
459 1573 609 1660 episcopo
624 1571 849 1653 Dunolmensi,
864 1574 1013 1640 salutem.
1060 1573 1257 1639 Mendemus
1272 1575 1375 1652 vobis,
1485 1629 1490 1640 .

328 1674 416 1758 quod
445 1675 661 1753 exactionem,
684 1696 793 1762 quam,
823 1675 867 1741 sd
897 1675 1035 1741 mandat
1020 1678 1092 1740 tum
1120 1679 1196 1740 nost
1197 1697 1280 1756 rum,
1303 1675 1377 1740 fieri

327 1775 435 1841 fecitis
457 1799 605 1864 personae
625 1778 769 1846 ecclesiae
791 1777 833 1843 de
847 1776 1077 1864 Wessington',
1092 1777 1133 1842 de
1156 1777 1222 1863 xvj.
1234 1775 1270 1843 tt.
1287 1777 1342 1861 xij.
1352 1800 1376 1842 a.

327 1877 435 1962 iiijc,
451 1900 532 1964 quos
554 1880 650 1945 nobis
674 1880 781 1957 debet,
796 1881 837 1945 de
859 1878 1008 1944 subsidio
1030 1878 1218 1944 medietatis
1240 1879 1377 1946 celebris

326 1981 493 2048 memoriae
516 1982 649 2048 domino
669 1981 842 2061 EdwardO,
856 1981 1023 2066 quendem
1045 1980 1116 2068 regi
1131 1980 1273 2067 Anglioe,
1288 1983 1375 2068 patri

326 2087 447 2163 nostro,
477 2103 499 2148 e
529 2084 614 2148 clero
645 2084 777 2171 Angliae
809 2083 935 2148 dudum
973 2103 1143 2164 concessos,
1174 2083 1306 2168 ponatis
1340 2085 1376 2148 in

326 2187 518 2269 respectum,
540 2185 643 2251 donee
664 2185 757 2252 aliud
788 2184 868 2250 inde
890 2183 987 2250 vobis
1020 2183 1309 2265 mandaverimus3
1340 2190 1375 2250 et

325 2295 539 2375 sequestrum,
565 2290 594 2356 si
616 2289 709 2390 qumi
726 2291 764 2354 in
788 2289 923 2356 ecclesis
946 2309 1007 2354 sua
1028 2289 1198 2376 praedieta,
1221 2311 1261 2354 ea
1282 2311 1373 2356 occa·

325 2393 416 2458 sione
437 2393 559 2479 apponi
581 2391 724 2458 feceritis
753 2391 892 2458 interim
921 2390 1063 2457 relaxari
1097 2391 1227 2456 facietis
1259 2392 1373 2458 eidem.

324 2493 429 2574 Teste,
465 2493 517 2560 W.
551 2494 593 2560 de
615 2493 789 2580 Norwyco,
814 2492 903 2580 apud
926 2492 1266 2574 westmonasterium,
1290 2493 1375 2560 xixo.

324 2594 378 2660 die
399 2594 535 2682 Aprilis,
565 2616 653 2660 anno
684 2595 779 2682 regni
810 2593 917 2660 nostri
948 2594 1226 2680 quinto-Quia
1247 2595 1374 2660 denarii

323 2695 474 2781 predicti
521 2695 684 2762 debentur
731 2696 773 2761 de
810 2700 958 2782 tempore
1000 2718 1065 2783 quo
1103 2695 1288 2762 Willelmus
1333 2698 1374 2762 de

323 2797 504 2864 Hamilton'
527 2798 593 2864 fuit
622 2818 762 2884 persons
784 2798 927 2864 ecclesiae
950 2798 1127 2884 praedictae,
1150 2802 1185 2864 et
1206 2801 1373 2886 prosequi-

322 2905 378 2966 tur
400 2921 513 2965 versus
535 2903 728 2966 executores
757 2900 861 2986 ipsius
884 2899 1052 2978 Willelmi,
1075 2900 1164 2986 quod
1185 2900 1296 2987 ipsum
1318 2922 1371 2966 ac-

322 3003 474 3088 quietent
496 3015 611 3068 versus
633 3023 745 3089 regem
770 3001 811 3067 de
834 3002 978 3068 denariis
999 3001 1175 3089 praedictis.

320 3215 403 3266 Breve
420 3213 514 3266 domini
593 3203 785 3281 Edwerdun,
801 3202 865 3268 Dei
887 3203 1005 3290 gratis,
1027 3224 1087 3268 rex
1108 3203 1248 3290 Angliae,
1264 3203 1369 3268 domi-
1383 3221 1432 3266 rho
1418 3223 1515 3278 ιιιιις

320 3281 611 3374 regi⁸¹1111s
626 3305 808 3385 Hiberniae,
823 3319 858 3370 et
880 3305 951 3370 dux
972 3305 1173 3392 Aquitaniae,
1188 3305 1394 3370 venerabili·
1381 3273 1509 3418 Ψὲιῖιιρω

320 3413 357 3477 in
379 3412 511 3480 Christo
533 3410 632 3499 petri,
653 3407 803 3488 Ricardo,
827 3407 941 3473 eeaiem
964 3406 1081 3493 gretia,
1104 3405 1255 3491 episcopo
1277 3405 1369 3470 Dun-
1380 3372 1423 3465 {it
1420 3376 1509 3467 'tiso
1483 3435 1519 3476 op,

321 3513 465 3592 elmensi,
480 3514 629 3580 sulutem
674 3508 873 3576 Mandemus
887 3508 991 3587 vobis,
1007 3506 1096 3592 quod
1110 3505 1223 3571 venire
1239 3505 1369 3571 faciatis
1381 3474 1510 3566 iffi*

319 3635 428 3681 coram
455 3613 650 3700 justiciariis
684 3610 814 3688 nostris,
838 3609 927 3695 apud
957 3607 1297 3686 westmonasterium,
1330 3607 1367 3671 in
1381 3619 1483 3664 william

318 3717 462 3784 castino
485 3714 600 3782 Sancti
621 3711 784 3779 Joharmis
815 3710 985 3797 Baptistae,
1007 3709 1211 3777 Wiilelmum
1233 3707 1362 3796 Oomyn
1379 3681 1473 3773 m

318 3820 360 3885 de
398 3819 521 3904 Bogan,
556 3820 764 3882 executorem
797 3812 993 3878 testamenti
1029 3811 1194 3877 Johannia
1228 3811 1366 3897 Oomyu,

319 3919 486 4008 quondam
512 3918 641 3986 comitis
674 3917 716 3982 de
743 3916 867 4002 Bogan,
891 3914 1043 3978 clericum
1070 3917 1228 3991 vestrum,
1251 3913 1294 3978 ad
1317 3935 1369 3978 re-

318 4021 545 4110 spondendum
568 4019 733 4085 Wiilelmo
756 4017 796 4081 de
819 4015 920 4082 Herle
943 4020 977 4079 et
996 4013 1160 4079 Willelmo
1181 4014 1221 4078 de
1246 4013 1369 4077 Brode-

317 4125 411 4204 well’,
422 4123 598 4210 capellano,
612 4120 842 4188 executoribus
855 4117 1046 4184 testamenti
1059 4115 1197 4180 Roberti
1212 4114 1253 4181 de
1265 4115 1366 4181 Herle

318 4231 352 4293 et
374 4225 519 4292 Hemice
540 4225 582 4290 de
612 4217 829 4308 Notingham¹¹
844 4222 879 4284 et
903 4215 1063 4293 Isabellae,
1088 4215 1183 4280 uxori
1212 4215 1291 4300 ejus,
1316 4238 1368 4281 co-

317 4327 494 4394 executrici
516 4324 748 4412 predictorum
770 4318 928 4386 Willelmi
958 4318 999 4383 de
1022 4315 1124 4381 Herle
1146 4321 1182 4381 et
1207 4316 1364 4381 Willelmi

317 4432 359 4497 de
389 4425 582 4493 Bradewell'
604 4423 795 4492 testamenti
821 4420 973 4509 praedioti
1002 4417 1150 4498 Roberti,
1179 4417 1219 4482 de
1245 4417 1367 4504 placito

317 4533 405 4620 quod
427 4531 545 4597 reddet
578 4529 625 4612 eis
647 4525 769 4614 viginti
792 4528 827 4590 et
848 4527 975 4608 septem
997 4520 1099 4586 libres
1122 4520 1293 4586 tresdecim
1315 4541 1365 4586 so-
