3502 6108
417 749 502 808 1200
593 758 790 808 REGISTRUM
814 756 1015 807 Palarmun
1038 757 1284 808 DUNELMENSE.

262 943 319 1003 Mt
328 961 386 1032 1318·
414 947 578 1012 Hemicus
600 947 765 1023 concessit,
781 951 815 1010 et
837 967 895 1032 per
917 951 1094 1032 praesentes
1116 967 1151 1009 se
1166 949 1200 1010 ct
1222 944 1368 1010 haercdes
1390 965 1466 1010 suos
1477 954 1640 1008 maaser

415 1049 584 1136 obligavit,
599 1049 687 1134 quod
708 1048 774 1134 ipsi
797 1047 832 1111 in
848 1051 1043 1132 perpetuum
1059 1046 1239 1124 invenient,
1255 1046 1298 1110 ad
1313 1052 1465 1133 sumptus

415 1172 499 1229 suos,
515 1151 597 1216 duos
619 1149 801 1235 capellanos
823 1148 1023 1214 celebrantes
1050 1169 1108 1235 pro
1131 1148 1242 1212 anima
1265 1147 1403 1214 Henrici
1426 1149 1466 1213 de

416 1253 537 1333 Insula,
562 1251 729 1338 quondam
753 1249 877 1315 domini
901 1251 941 1315 da
967 1249 1148 1336 Wynyard'
1172 1255 1206 1314 et
1223 1249 1467 1328 Redmarshill',

417 1358 451 1418 ct
471 1375 530 1440 pro
545 1353 718 1418 animabus
733 1352 879 1417 omnium
894 1351 1041 1416 fidelium
1057 1351 1283 1417 defunctorum
1297 1377 1305 1432 3
1329 1374 1466 1437 quorum

417 1476 503 1520 unus
527 1454 704 1520 celebrabit
726 1454 762 1518 in
785 1453 918 1519 ecclesia
939 1453 979 1518 de
992 1453 1166 1533 Grendon',
1182 1459 1217 1518 et
1232 1453 1315 1519 alter
1329 1453 1468 1540 capella·

418 1579 480 1621 nus
504 1556 680 1622 celebrabit
703 1554 738 1619 in
754 1555 877 1641 capella
899 1554 986 1619 infra
1008 1555 1191 1620 manerium
1208 1556 1248 1620 de
1263 1556 1466 1641 Wynyard’;

417 1659 509 1723 etad
532 1658 591 1723 hoc
606 1657 792 1722 faciendum
814 1657 975 1723 concessit
996 1657 1173 1743 praedictus
1197 1659 1361 1724 Henricus
1375 1659 1464 1723 filius

418 1760 527 1836 Alani,
550 1781 607 1846 pro
631 1781 665 1824 se
687 1764 722 1824 et
742 1759 931 1824 haeredibus
954 1759 1030 1836 suis,
1046 1759 1133 1845 quod
1157 1760 1268 1825 omnia
1290 1760 1376 1825 bona
1398 1782 1466 1838 sua,

417 1861 553 1925 mobilia
574 1865 609 1924 et
631 1860 820 1937 immobilia,
842 1861 1027 1948 specialiter
1050 1869 1243 1932 remaneant
1266 1863 1411 1949 obligata
1433 1869 1468 1926 ct

418 1967 554 2028 onerata
590 1963 633 2028 ad
674 1955 947 2029 sustentationem
980 1964 1121 2029 duonum
1152 1965 1394 2052 capellanorum
1426 1966 1461 2028 in

416 2070 614 2151 perpetuum
637 2065 913 2130 celebraturorum
926 2065 974 2129 ·in
997 2067 1132 2132 ccclesia
1164 2074 1198 2131 et
1225 2068 1350 2154 capella
1379 2089 1464 2153 prar-

418 2167 515 2231 dictis
564 2187 622 2253 pro
660 2166 834 2231 animabus
882 2167 1033 2252 praedicti
1071 2169 1209 2235 Henrici
1248 2177 1283 2234 ct
1320 2169 1464 2234 omnium

418 2268 564 2332 fidelium
588 2267 825 2346 defunctorum,
849 2273 1008 2355 utsupra
1032 2271 1190 2356 scriptum
1213 2276 1282 2348 est3
1314 2278 1348 2336 et
1379 2271 1467 2357 quod

418 2369 596 2455 praedictus
617 2369 745 2434 Alanus
777 2371 817 2434 de
849 2371 1017 2456 praedictis
1049 2373 1226 2458 capellanis
1260 2373 1468 2438 inveniendis

418 2492 527 2536 coram
541 2469 612 2536 Deo
628 2477 662 2536 et
684 2471 873 2537 hominibus
896 2473 941 2538 sit
956 2472 1105 2538 totaliter
1123 2480 1328 2540 exoneratus.
1373 2476 1418 2539 Et
1433 2476 1466 2538 in

418 2573 563 2638 omnium
593 2573 886 2659 suprascriptorum
910 2575 1145 2655 testimonium,
1169 2576 1320 2662 praedicti
1342 2577 1468 2642 Alanus

418 2681 452 2738 et
476 2674 640 2739 Heuricus
671 2674 737 2738 hiis
768 2675 899 2762 scriptis
931 2675 1113 2742 indentatis
1136 2677 1326 2743 alternatim
1359 2678 1469 2764 sigilla

418 2797 478 2839 sua
508 2781 740 2860 apposuerunt.
799 2777 939 2864 Insuper
961 2779 1071 2856 etiam,
1091 2772 1137 2843 ¹ad
1160 2780 1313 2866 majorem
1347 2781 1468 2846 securi-

418 2880 521 2940 tatem
544 2882 578 2940 et
600 2877 812 2957 evidentiam,
837 2879 1013 2964 praedictus
1040 2880 1203 2962 dominus,
1235 2881 1469 2948 Dunohnensis

417 2977 595 3064 episcopus,
611 2977 654 3042 ad
670 2978 924 3045 instantiam-et
946 2982 1194 3066 requisitionem
1217 2984 1363 3069 partium
1385 3007 1469 3070 prae·

417 3079 577 3144 dictarum
596 3080 742 3165 sigillum
762 3104 858 3147 suum
869 3084 1023 3170 apposuit
1039 3086 1256 3170 praesentibus
1273 3086 1467 3153 indanturis.

416 3181 541 3245 Datum
564 3184 653 3268 apud
669 3183 852 3270 Wynyard,
876 3187 975 3252 tertio
998 3186 1051 3252 die
1074 3187 1197 3266 Martii,
1221 3209 1310 3253 anno
1333 3188 1468 3253 Domini

417 3283 590 3348 millesimo
613 3286 842 3352 trecentesimo
865 3287 1065 3354 duodecima

287 3510 379 3552 caua
416 3499 559 3580 Duplam.
634 3501 711 3552 Caua
788 3495 957 3574 Ricardus‚
982 3495 1044 3560 Dei
1067 3496 1182 3582 gratia,
1205 3499 1375 3585 episcopus
1400 3501 1468 3563 Du-

248 3571 404 3624 Grautbythc
417 3569 538 3616 Willclmr
555 3569 586 3618 de
598 3569 711 3618 Brakm-

249 3621 708 3714 Qvigppgnpdobiry,etMat·11‹1aeux0.
743 3597 927 3675 nolmensis,
981 3599 1133 3663 omnibus
1182 3607 1305 3667 sanctae
1352 3603 1468 3667 matris

249 3721 405 3815 Bsslffilffl,
416 3714 451 3749 ¹¹⁸
463 3702 523 3764 ejus.
588 3752 589 3756 ,
740 3700 881 3765 ecclesiae
912 3699 998 3780 filiis,
1020 3702 1063 3767 ad
1094 3723 1176 3786 quos
1199 3723 1340 3789 praesens
1369 3705 1469 3791 scrip·

247 3783 385 3915 &gausapa
417 3805 489 3866 tum
513 3803 708 3888 pervenerit,
730 3801 869 3868 salutem
892 3802 927 3866 in
950 3802 1092 3868 Domino
1108 3806 1347 3890 sempiternam.
1395 3805 1464 3870 No-

249 3921 363 4021 ffltffi
419 3903 533 3968 veritis
555 3925 615 3968 uos
644 3903 846 3984 concessisse,
870 3903 1006 3980 dedisse,
1031 3910 1065 3969 ct
1099 3905 1161 3971 hac
1192 3909 1349 3993 prasenti
1378 3913 1470 3973 carta
1520 3895 1523 3899 ’

249 4023 361 4072 umnam
417 4008 530 4069 nostra
551 4004 766 4082 confirmasse,
789 4006 908 4071 dilecto
923 4005 1027 4087 uobis,
1051 4007 1215 4072 Willelmo
1239 4009 1280 4073 de
1303 4009 1469 4074 Brackcn-

196 4119 202 4142 ⁸
249 4074 362 4176 btistt.
416 4105 494 4193 biry
517 4111 551 4171 et
583 4106 739 4186 Matildae,
769 4109 865 4171 uxori
888 4108 965 4193 ejus,
998 4109 1165 4194 quandam
1202 4109 1348 4196 placeam
1381 4112 1470 4176 vasti

417 4209 522 4273 nostri
555 4209 591 4273 in
622 4208 717 4274 West
738 4209 913 4289 Aukland',
941 4211 1106 4296 jacentem
1139 4235 1237 4299 super
1269 4235 1393 4279 moram
1429 4215 1469 4279 de

418 4311 593 4397 Wydhop’,
614 4311 700 4376 infra
722 4311 845 4377 divisas
868 4313 1322 4402 subscriptas;—incipiendo
1344 4317 1387 4382 ad
1417 4339 1470 4383 ca-

417 4421 480 4498 put
510 4413 653 4477 australe
676 4413 796 4479 vivarii
830 4415 935 4504 nostri
958 4417 999 4481 de
1022 4415 1194 4504 Wydhop',
1217 4425 1251 4485 et
1284 4419 1331 4485 sic
1353 4441 1468 4485 versus

418 4514 617 4579 occidentem
647 4536 705 4600 per
734 4515 857 4582 divisas
891 4518 1078 4604 wapentak'
1103 4518 1143 4584 de
1175 4519 1331 4608 Sadberg'
1362 4543 1466 4606 usque

418 4615 464 4680 Le
488 4615 696 4702 Roughdyk’,
720 4623 754 4683 et
777 4642 836 4706 per
871 4620 917 4686 Le
951 4618 1151 4708 Ronghdyk'
1187 4643 1305 4688 versus
1336 4624 1468 4690 boream
