3362 5720
454 677 540 748 1272
631 693 829 748 aversurus
852 691 1054 746 ramrmun
1077 691 1319 744 unumunurn.

290 1227 352 1312 aa·
361 1231 419 1273 1³1⁵·
523 1216 708 1282 Furnarro
731 1213 943 1303 Passaron
965 1227 1012 1276 na
1033 1209 1187 1276 Krrrna
1210 1229 1247 1276 rr
1272 1227 1439 1278 recanere
1524 1205 1645 1276 hemi

729 1315 948 1384 Ooraasrera
970 1330 1017 1379 nr
1039 1313 1234 1382 Aummn’.

909 1499 1044 1513 ·····

285 1659 431 1765 {ffl‘lffim
454 1675 586 1728 Ordinatio
596 1689 669 1726 nova
684 1690 747 1740 pm.
826 1647 1001 1714 Universis
1048 1651 1170 1714 sanetae
1206 1646 1323 1712 matris
1360 1646 1511 1713 ecclesiae

283 1762 433 1864 ffilssfffi'
452 1741 747 1874 Repffhffiffgtlfflssdgff
780 1749 866 1831 filiis,
890 1749 934 1816 ad
956 1769 1036 1836 quos
1065 1753 1241 1836 praesentes
1263 1747 1368 1814 literae
1389 1770 1510 1834 perve-

284 1863 404 1956 ggffigffgp
453 1883 513 1926 naa
525 1874 745 1941 magimaomua
778 1852 898 1931 nerint,
934 1851 1102 1930 Ricardus,
1135 1851 1346 1936 permissione
1379 1851 1508 1926 divina,
1676 1884 1677 1956 p

285 1961 400 2007 sauma
453 1943 610 2008 aeKypyer.
777 1952 1009 2022 Dunolmensis
1024 1953 1201 2040 episcopus,
1216 1953 1364 2018 salutem.
1410 1951 1509 2017 Inter

453 2061 573 2121 oaetera
594 2055 728 2142 pietatis
751 2076 858 2142 opera,
880 2077 967 2122 curas
993 2055 1167 2142 pastoralis
1189 2055 1420 2120 sollicitudinis
1450 2055 1506 2118 in·

452 2158 649 2237 cumbentia,
664 2163 796 2244 gratum
806 2157 977 2225 Altissimo
988 2156 1057 2222 fore
1072 2156 1261 2236 dinoscitur,
1277 2163 1312 2222 et
1325 2162 1506 2244 acceptum,

453 2261 604 2346 depresso
626 2259 730 2324 statui
752 2259 881 2345 piorum
908 2259 1062 2336 locorum,
1077 2279 1137 2344 pro
1159 2258 1399 2323 sustentatione
1421 2280 1505 2345 pau·

453 2383 568 2448 perum
593 2359 718 2426 Christi
733 2358 954 2438 timdatorum,
978 2358 1135 2425 beneficio
1157 2358 1294 2423 subsidii
1326 2359 1505 2424 misericor-

455 2463 542 2528 diter
556 2463 736 2550 providerc.
775 2461 845 2527 Nos
860 2461 964 2548 igitur
978 2461 1166 2548 depressum
1181 2464 1306 2525 statum
1321 2460 1504 2549 Hospitalis

455 2566 569 2632 Sancti
607 2564 732 2652 AEgidii
769 2564 810 2629 de
847 2562 985 2650 Kypier‚
1013 2567 1136 2630 nostrae
1173 2563 1330 2644 dioecesis,
1364 2564 1399 2627 in
1437 2585 1502 2648 quo
1532 2617 1537 2628 .

454 2668 589 2734 divinus
627 2665 744 2745 cultus,
781 2665 1033 2731 adventantium
1073 2665 1291 2752 hospitalitas,
1330 2686 1502 2752 egenonrm

455 2769 617 2854 susceptio
640 2771 675 2833 et
697 2767 863 2848 recreatio,
885 2787 924 2834 ac
945 2767 1011 2833 alia
1043 2767 1189 2832 caritatis
1211 2789 1309 2854 opera
1337 2789 1376 2834 ac
1397 2789 1499 2846 onera,

455 2872 544 2936 dicto
570 2869 735 2954 hospitali,
758 2869 817 2932 ubi
847 2868 1028 2934 multitudo
1065 2889 1245 2956 pauperum
1278 2870 1414 2936 confluit
1443 2892 1500 2957 pro

456 2970 650 3036 victualium
674 2969 821 3035 subsidio
844 2969 1068 3048 mendicando,
1083 2971 1264 3036 necessario
1287 2977 1323 3036 et
1344 2973 1500 3060 multipli-

455 3075 537 3141 citer
552 3070 785 3148 incumbentia,
803 3071 890 3158 (quae
906 3072 1039 3158 quidem
1054 3071 1223 3159 praemissa
1236 3071 1384 3138 cecitatis
1406 3096 1500 3160 opera

456 3198 523 3242 non
545 3179 712 3261 potenmt,
734 3177 869 3259 propter
884 3179 1114 3260 paupertatem
1144 3173 1331 3241 evidentem
1354 3181 1389 3240 et
1409 3183 1497 3242 noto-

455 3279 549 3356 riam,
573 3277 761 3353 sustentari,
787 3275 853 3340 nisi
875 3275 982 3340 eidem
1004 3297 1193 3341 succursum
1215 3277 1316 3342 fuerit
1346 3278 1496 3364 aliunde)

455 3381 584 3469 plenius
610 3379 837 3456 attendentes·
850 3378 891 3442 de
914 3379 1048 3444 decimis
1081 3379 1249 3444 novalium
1279 3385 1315 3446 et
1344 3403 1499 3447 novorum

455 3488 655 3548 assartorum
671 3481 714 3546 ab
729 3500 817 3544 anno
839 3479 1060 3565 pontificatus,
1076 3479 1172 3546 bonae
1188 3482 1363 3561 memoriae,
1377 3483 1499 3548 domini

455 3585 605 3664 Antonii,
628 3581 870 3668 praedeoessorie
892 3581 998 3646 nostri
1026 3581 1218 3660 immediati,
1241 3587 1502 3652 octavodecimo

455 3695 488 3754 et
519 3687 627 3752 tribus
650 3683 826 3761 mensibus,
857 3704 960 3768 usque
991 3684 1035 3748 ad
1070 3683 1157 3748 diem
1192 3685 1303 3750 obitus
1337 3687 1397 3763 sui,
1418 3687 1502 3754 infra.

454 3789 641 3876 parochiam
679 3783 822 3850 ecoleaiae
869 3784 1086 3870 praebendalis
1132 3784 1246 3852 Sancti
1282 3785 1425 3856 Andreae
1460 3791 1501 3855 de

456 3890 631 3968 Aukland',
654 3888 691 3952 in
713 3886 878 3953 culturam
909 3885 1114 3951 redactorum
1130 3892 1165 3952 et
1186 3887 1264 3952 locis
1287 3890 1501 3956 existentium

455 3990 692 4076 infrascriptis3
713 3986 877 4065 videlicet,
892 3987 1113 4074 quadraginta
1134 4010 1281 4054 acrarum
1304 3991 1367 4056 sub
1390 3992 1499 4074 Esset',

455 4101 587 4164 centum
618 4112 766 4158 acrarum
790 4089 880 4176 apud
901 4089 949 4153 Le
972 4089 1172 4174 Lymekilne
1202 4092 1238 4155 in
1260 4093 1367 4158 veteri
1398 4115 1501 4181 parco,

455 4193 635 4263 octodecim
657 4212 808 4257 acrarum
823 4191 859 4254 in
875 4191 921 4255 Le
944 4189 1133 4277 Smalleyes,
1158 4193 1268 4258 decem
1292 4213 1440 4260 acrarum
1466 4196 1501 4260 in

454 4301 501 4365 Le
533 4293 762 4380 Wolleycrok’,
796 4314 854 4357 sex
887 4313 1036 4357 acrarum
1058 4293 1094 4356 in
1124 4293 1357 4373 Escombhirst,
1391 4298 1502 4362 decem

455 4420 605 4467 acrarum
635 4397 671 4461 in
703 4393 956 4480 Grymesknoll,
988 4392 1111 4480 viginti
1149 4417 1297 4461 aerarum
1335 4398 1425 4484 apud
1455 4400 1501 4464 Le

453 4501 648 4578 Mercburn',
665 4502 699 4565 et
715 4497 885 4562 duodecim
907 4516 1057 4561 acrarum
1079 4497 1212 4576 ibidem,
1227 4498 1330 4563 trium
1352 4521 1503 4566 acrarum

453 4603 542 4690 apud
557 4600 736 4684 Roukleys‚
751 4599 850 4664 unius
865 4620 948 4666 acrae
963 4597 1053 4686 apud
1068 4598 1279 4686 Cringeldik',
1296 4601 1396 4666 unius
1419 4623 1503 4672 acrae
