3506 5702
383 743 447 814 744
566 751 763 805 nemereus
787 749 990 802 rsrrrmuu
1011 749 1252 800 susannense

234 961 357 1006 naras.
384 946 474 1010 modi
495 943 725 1032 appellationis
747 963 853 1023 causa,
876 942 1051 1029 quiequam
1081 942 1118 1005 in
1140 938 1245 1028 pertis
1266 941 1605 1029 appellen-mrem.

385 1050 430 1113 tis
468 1047 695 1134 praejudicium
742 1045 927 1123 attentetis,
975 1066 1032 1110 seu
1078 1043 1207 1110 faciatis
1245 1065 1303 1130 per
1351 1043 1433 1108 alios

383 1150 629 1235 quomodolibet
664 1149 832 1225 attentari,
855 1147 1035 1233 quominus
1054 1145 1312 1234 appellationem
1334 1167 1430 1210 suam

384 1252 487 1316 libere
519 1251 671 1338 prosequi
703 1250 821 1327 valeat,
843 1254 883 1313 ut
905 1248 1058 1314 intendit.
1105 1247 1255 1314 (litamus
1289 1269 1348 1313 vos
1381 1249 1433 1312 in-

386 1375 484 1439 super
520 1351 735 1439 peromptorie
773 1373 831 1436 per
867 1354 1054 1436 praesentes,
1094 1350 1182 1436 quod
1219 1350 1434 1437 compareatis

385 1476 494 1519 coram
509 1455 614 1532 nobie,
628 1454 683 1518 vel
698 1453 918 1520 commissario
936 1455 1051 1517 nostro
1073 1452 1227 1538 generali,
1250 1453 1286 1516 in
1310 1452 1432 1537 majore

387 1557 522 1622 eeclesia
559 1555 705 1634 Eboraci,
744 1552 797 1620 die
834 1552 972 1619 Veneris
1005 1554 1156 1640 proxima
1193 1557 1271 1619 ante
1314 1553 1434 1619 festum

388 1659 484 1724 Beati
528 1658 625 1723 Lucre
648 1656 877 1742 Evangelistae‚
915 1656 951 1720 in
998 1656 1156 1742 praedicta
1202 1655 1434 1742 appellationis

388 1781 487 1826 causa
519 1760 707 1845 processuri,
742 1759 862 1823 facturi
895 1757 1042 1835 ulterius,
1076 1763 1110 1822 et
1142 1759 1314 1843 recepturi,
1347 1758 1435 1842 quod

383 1861 518 1948 justitia
540 1861 702 1926 suadebit.
747 1860 798 1925 De
821 1860 874 1924 die
896 1881 973 1924 vero
996 1859 1210 1946 porrectionis
1224 1861 1436 1946 praesentium

388 1964 483 2029 vobis
505 1964 610 2041 factae,
633 1967 667 2028 et
700 1962 780 2048 quid
803 1961 952 2038 feceritis,
976 1983 1033 2026 seu
1055 1961 1241 2028 faciendum
1264 1962 1435 2040 duxeritis,

388 2068 424 2130 in
447 2065 632 2152 praemissis,
655 2064 750 2130 nobis
771 2063 826 2128 vel
856 2063 1074 2129 commissario
1096 2069 1209 2128 nostro
1232 2064 1436 2129 adeundam

390 2169 477 2233 diem
515 2159 652 2232 Veneris
686 2166 841 2230 intimare
873 2163 1003 2244 curetis,
1033 2187 1092 2252 per
1124 2170 1251 2230 vestras
1285 2171 1435 2252 patentes

387 2271 510 2348 literas,
526 2291 600 2354 quse
614 2268 732 2334 harum
747 2269 862 2333 seriem
877 2274 1120 2354 repraesentent
1152 2269 1277 2334 Datum
1289 2268 1436 2350 Eboraci,

389 2371 432 2435 id.
464 2369 672 2455 Septembris,
709 2390 797 2433 anno
836 2369 961 2434 Gratia
998 2369 1172 2434 millesimo
1209 2371 1438 2436 trecentesimo

389 2469 784 2556 quintodecimo-Quod
798 2470 930 2555 quidem
946 2470 1139 2536 mandatum
1154 2476 1301 2539 vestrum
1316 2495 1436 2554 sumus,

389 2578 429 2636 ut
460 2571 580 2648 decuit,
607 2571 745 2636 executi.
803 2571 928 2638 Velete.
988 2572 1113 2637 Datum
1147 2574 1235 2660 apud
1274 2559 1438 2653 Stekton’,

221 2902 357 2996 dildlssrinld
389 2938 624 2992 Excommunioatio
741 2870 910 2950 Ricardus'
947 2874 1159 2959 permiffiione
1207 2877 1330 2958 dillmb
1369 2884 1438 2958 eleo

221 3003 310 3054 apra
340 3053 345 3064 .
688 2971 807 3039 dilecto
829 2974 906 3053 filio,
922 2975 1055 3042 domino
1078 3031 1085 3044 .
1108 3031 1115 3043 .
1140 3027 1149 3043 .
1172 2979 1271 3065 priori
1297 2983 1439 3048 eeclesiae

221 3053 364 3146 &puppem
390 3073 513 3138 Insulae
536 3073 653 3150 Sacrae,
676 3073 825 3153 salutem,
849 3076 991 3162 gratiam
1026 3082 1060 3144 et
1094 3079 1361 3148 benedictionem.
1407 3085 1439 3148 A

222 3154 366 3262 &iffi
390 3174 509 3240 dilecto
531 3174 607 3254 filio,
630 3177 787 3262 magistro
822 3177 846 3241 J
848 3177 976 3244 ohanne
1000 3179 1040 3244 de
1072 3180 1195 3259 Insula,
1212 3183 1298 3268 juris
1332 3185 1439 3252 civilis

222 3254 274 3362 ξῗὲὲ
282 3265 378 3346 pappus
389 3277 577 3362 professore,
591 3298 698 3362 nuper
719 3278 917 3358 audivimus,
932 3281 1080 3366 graviter
1101 3291 1330 3368 conquerente,
1353 3289 1440 3374 quod

221 3353 370 3451 lifflililf'
390 3377 525 3463 quidam
548 3377 681 3444 Satanae
716 3378 884 3460 satellites,
908 3381 1033 3467 proprii
1055 3389 1277 3468 persecutores
1300 3387 1439 3468 honoris,

219 3452 366 3596 {rffipu
387 3479 473 3564 juris
496 3479 703 3545 ecclesiastici
726 3501 896 3560 eversores,
920 3503 1057 3568 quornm
1080 3487 1215 3552 nomina
1236 3489 1439 3574 ignorantur,

218 3601 382 3646 aramma
393 3580 505 3645 domos
520 3602 604 3658 suas,
618 3581 705 3646 infra
727 3582 849 3648 dictam
864 3583 1006 3648 insulam
1028 3585 1177 3666 situatas,
1191 3589 1305 3656 flectis
1327 3613 1439 3658 earum

221 3652 377 3762 iiixldildl'
394 3683 496 3760 ostiis,
518 3683 680 3748 malitiose
711 3685 918 3763 introierunt,
942 3709 981 3752 ao
1006 3687 1174 3770 fenestras,
1197 3713 1331 3771 memes,
1360 3718 1440 3762 vasa

220 3751 350 3804 “mm
393 3785 522 3848 diversa
544 3787 579 3849 et
600 3785 764 3863 utensilia,
787 3786 909 3854 furtive
932 3789 1142 3855 abstulerunt
1163 3795 1197 3857 et
1219 3801 1438 3880 asportarunt,

393 3907 476 3972 quae,
498 3885 535 3948 in
568 3885 749 3970 periculum
783 3887 902 3955 animae
933 3912 1009 3970 suae,
1032 3892 1182 3958 detinent
1206 3900 1241 3960 et
1264 3899 1439 3981 occultent,

392 4009 431 4054 ac
453 3988 519 4052 alia
541 3987 662 4052 damna
685 3988 722 4052 in
744 3989 865 4056 eisdem
889 3995 1153 4081 quamplurima
1182 4005 1437 4086 perpetrarunt:

320 4099 323 4106 '
392 4093 525 4176 propter
562 4089 661 4174 quod,
689 4088 726 4154 in
762 4094 959 4158 sententiam
997 4101 1353 4182 excommunicationis,
1384 4127 1441 4191 per

392 4189 643 4257 constitutiones
666 4193 838 4278 synodales
850 4195 1124 4280 praedecessorum
1148 4207 1336 4270 nostrorum
1359 4227 1437 4272 con·

390 4298 443 4357 tra
487 4292 570 4358 tales
600 4294 738 4380 provide
771 4297 1021 4384 promulgatam,
1059 4305 1094 4368 et
1128 4303 1165 4368 in
1202 4307 1354 4374 omnibus
1388 4332 1438 4376 ec·

389 4395 494 4460 elesiis
516 4395 756 4482 parochialibus
787 4404 909 4466 nostrae
932 4401 1080 4470 dioecesis
1110 4406 1208 4472 trinis
1231 4431 1289 4494 per
1314 4433 1438 4477 aunum

388 4495 514 4560 vicibus
536 4497 746 4581 publicatam,
768 4501 889 4568 temere
912 4503 1106 4586 inciderunt,
1129 4513 1163 4572 et
1184 4509 1292 4578 adhuc
1322 4515 1439 4598 persis·

388 4601 467 4661 tunt
497 4598 534 4662 in
556 4599 678 4676 eadem,
701 4602 818 4667 animis
840 4603 1012 4676 induratis.
1060 4609 1159 4676 Unde
1174 4611 1278 4693 vobis,
1300 4613 1440 4682 firmiter
