3530 5708
409 809 473 872 844
591 820 789 871 ausrsrauu
811 819 1015 870 rsmrmvu
1036 819 1277 870 nurunuausa

253 1023 310 1068 Ab·
319 1003 377 1070 1³13.
407 1017 533 1077 statum
556 1011 677 1079 clamat
706 1012 744 1076 in
766 1011 890 1078 vicaria
920 1011 1085 1097 praedicte,
1109 1033 1168 1097 per
1190 1012 1278 1097 quod
1302 1011 1454 1076 dominus
1466 1013 1510 1058 m.
1518 1011 1595 1066 upra.
1605 1018 1623 1058 1·

361 1117 370 1133 ⁸
406 1135 466 1178 rex
488 1115 540 1179 uti
563 1137 631 1180 non
653 1115 752 1180 debet
774 1114 839 1180 isto
862 1113 957 1178 brevi
988 1136 1047 1179 suo
1071 1135 1184 1179 versus
1214 1114 1323 1200 ipsum
1347 1113 1452 1178 archi-

406 1216 602 1302 episcopum,
625 1221 784 1303 tanquam
819 1215 1048 1301 impeditorem
1081 1221 1140 1281 etc
1199 1215 1245 1279 Et
1277 1215 1454 1301 praedictus

406 1317 601 1399 Willelmus,
639 1319 698 1404 qui
734 1317 892 1404 sequitur,
931 1321 1000 1398 etc,
1038 1317 1121 1383 dicit
1151 1317 1239 1401 quod
1277 1316 1455 1402 praedictus

406 1418 582 1499 Antonius,
619 1419 786 1506 quondam
824 1417 994 1504 episcopus
1032 1417 1276 1495 Dunolmensis‚
1313 1417 1456 1484 contulit

407 1521 598 1606 praedictam
621 1521 787 1598 vicariam,
811 1524 973 1606 tanquam
995 1519 1176 1586 advocatus
1198 1524 1258 1586 etc.
1305 1520 1350 1585 Et
1373 1519 1455 1586 dicit

406 1621 495 1706 quod
524 1621 764 1699 advocationes,
786 1625 858 1686 tam
880 1621 1086 1700 vicariarum,
1110 1643 1210 1707 quam
1233 1621 1456 1700 rectoriarum,

407 1729 487 1788 sunt
507 1723 622 1788 laicale
644 1728 714 1801 cte,
729 1728 764 1788 et
779 1744 847 1788 non
869 1723 1041 1808 spirituale
1063 1728 1133 1805 etc,
1150 1744 1290 1809 quarum
1310 1723 1455 1809 cognitio

406 1829 535 1909 spectat
555 1824 599 1888 ad
621 1824 745 1891 curiam
768 1823 916 1890 laicalem
939 1829 999 1890 etc.
1044 1825 1089 1890 Et
1115 1845 1246 1910 exque
1278 1825 1455 1910 praedictus

405 1925 667 2012 archiepiscopus
701 1925 865 2012 cognovit,
888 1931 1035 2012 tempore
1063 1925 1246 1992 vacationis
1268 1926 1354 1992 sedis
1385 1932 1453 2005 etc,

406 2029 493 2112 quod
515 2028 586 2114 ipse
608 2026 749 2094 contulit
771 2027 964 2114 praedictam
985 2027 1151 2105 vicariam,
1166 2027 1261 2114 cujus
1283 2027 1454 2093 advocatio

405 2133 458 2194 est
475 2129 532 2215 jus
557 2134 754 2216 patronatus
777 2129 983 2215 episcopatus
1015 2128 1175 2216 praedicti,
1198 2151 1296 2215 quam
1321 2129 1454 2214 quidem

406 2231 566 2299 vicariam
595 2231 773 2318 praedictus
795 2231 972 2309 Antonius,
996 2232 1161 2316 quondam
1193 2232 1371 2318 episcopus,
1395 2237 1454 2299 etc.

408 2333 501 2419 cujus
533 2337 659 2398 statum
691 2332 779 2398 idem
803 2333 957 2398 dominus
985 2355 1045 2398 rex
1068 2333 1186 2398 habuit
1209 2334 1245 2397 in
1266 2333 1455 2419 hujusmodi

406 2434 689 2513 advocationibus,
711 2435 786 2500 sede
809 2439 951 2500 vacante
973 2439 1042 2513 etc,
1057 2435 1149 2521 prius
1172 2435 1366 2514 contulerat,
1382 2441 1455 2500 tan·

406 2556 506 2620 quam
529 2536 712 2602 advocatus
742 2541 811 2614 etc,
834 2536 920 2601 sicut
952 2536 1148 2621 praedictum
1177 2541 1236 2616 est,
1261 2537 1348 2623 petit
1365 2537 1455 2623 judi·

406 2638 494 2702 cium
519 2638 560 2703 de
582 2638 769 2724 cognitione
802 2637 907 2724 ipsius
937 2637 1180 2723 archiepiscopi,
1203 2642 1238 2703 et
1262 2639 1360 2702 breve
1387 2639 1455 2724 epi-

405 2760 502 2825 scopo
534 2761 593 2826 pro
625 2739 758 2805 domino
791 2761 867 2825 rege
897 2744 957 2806 etc.
1003 2739 1049 2804 Et
1081 2739 1341 2825 archiepiscopus
1362 2740 1453 2820 dicit,

406 2841 496 2926 quod
519 2841 678 2927 praedicta
692 2840 817 2907 vicaria
838 2845 890 2907 est
912 2841 1087 2926 quaeddam
1108 2841 1217 2928 portic
1238 2843 1275 2906 in
1296 2843 1455 2927 praedicta

405 2943 542 3010 ecclesia
562 2944 605 3009 de
627 2942 776 3021 Norton’,
798 2942 892 3028 cujus
914 2943 1047 3028 quidem
1070 2943 1213 3010 ecclesiae
1235 2943 1333 3009 unica
1353 2944 1451 3009 advo·

404 3045 490 3111 catio
513 3049 572 3110 etc.
619 3043 759 3126 Quodsi
781 3048 867 3109 esset
889 3044 955 3108 alia
983 3044 1155 3110 advocatio
1178 3044 1337 3131 portionis
1369 3068 1454 3132 prse-

405 3146 504 3212 dicte
526 3145 659 3212 vicariae
690 3145 737 3212 sic
760 3152 951 3232 sequeretur
973 3145 1060 3231 quod
1084 3151 1194 3211 essent
1219 3147 1294 3212 duae
1315 3147 1453 3213 advoca·

404 3248 512 3315 tiones
535 3247 633 3314 unius
656 3251 690 3312 et
712 3247 859 3334 ejusdem
890 3248 1041 3326 ecclesiae,
1063 3248 1152 3334 quod
1183 3269 1256 3314 raro
1282 3248 1453 3314 invenitur

404 3355 464 3418 etc.
511 3349 612 3415 Unde
656 3349 739 3415 dicit
776 3350 865 3436 quod
909 3350 1070 3436 praedicta
1108 3350 1232 3416 vicaria
1275 3362 1327 3416 est
1364 3339 1452 3417 mere

403 3451 576 3541 spirituale
600 3455 660 3517 etc.
672 3476 681 3533 ;
702 3472 761 3538 per
783 3451 871 3537 quod
894 3452 937 3517 ad
960 3452 1068 3537 ipsum
1093 3451 1371 3539 archiepiscopum
1386 3475 1452 3518 me-

402 3554 641 3640 tropolitanum
664 3558 724 3620 eto.
751 3553 795 3618 ad
818 3574 916 3638 quem
939 3554 1112 3640 spectabat
1135 3553 1298 3619 ordinatio
1320 3559 1355 3619 et
1378 3577 1451 3641 pro-

401 3655 487 3720 visio
513 3675 611 3741 super
634 3653 824 3740 hujusmodi
857 3655 1102 3740 spiritualitate,
1126 3655 1202 3720 sede
1230 3661 1368 3720 vacante
1388 3663 1450 3721 etc.

400 3755 563 3843 pertinuit
578 3755 750 3842 providere
766 3756 806 3822 de
829 3756 954 3823 vicaria
976 3757 1043 3837 illa,
1060 3760 1095 3822 et
1117 3777 1189 3822 eam
1212 3757 1355 3823 contulit
1369 3763 1451 3839 etc.;

400 3863 441 3924 ut
469 3857 663 3943 praedictum
695 3863 754 3933 est,
776 3857 863 3924 sieut
894 3862 929 3923 et
959 3858 1084 3936 debuit,
1106 3863 1176 3936 etc,
1200 3865 1234 3924 et
1256 3859 1342 3925 sicut
1367 3883 1449 3947 prae-

400 3961 582 4026 decessores
615 3958 668 4023 sui
699 3957 889 4045 hujusmodi
919 3960 1074 4024 vicariam
1107 3959 1311 4046 temporibus
1348 3969 1451 4028 retro-

399 4064 481 4129 actis
504 4060 724 4128 contulerunt.
769 4061 814 4126 Et
829 4060 1023 4142 Willelmus,
1036 4062 1094 4147 qui
1109 4062 1259 4147 sequitur
1273 4069 1342 4146 etc,
1359 4064 1450 4146 dicit,

400 4165 489 4252 quod
511 4163 690 4250 praedictus
717 4162 980 4251 archiepiscopus
1010 4165 1123 4250 itaque
1149 4185 1183 4230 se
1206 4186 1361 4232 excusare
1383 4187 1450 4232 non

399 4270 518 4355 potest,
533 4270 593 4332 etc.
638 4264 731 4330 Dicit
753 4265 850 4342 enim,
866 4265 954 4350 quod
975 4265 1053 4331 licet
1075 4265 1252 4352 praedictus
1274 4267 1450 4346 Antonius,

399 4369 565 4454 quondam
588 4367 757 4454 episcopus
780 4372 850 4444 etc,
874 4367 1044 4432 habuisset
1066 4367 1229 4454 duplicem
1259 4374 1383 4434 statum
1413 4371 1449 4434 in

399 4471 589 4556 episcopatu
613 4489 671 4533 suo
690 4473 758 4545 etc,
773 4467 936 4547 videlieet,
952 4473 1077 4534 statum
1101 4469 1258 4534 ordinarii
1274 4477 1308 4536 et
1323 4475 1448 4535 statum

397 4571 529 4656 patroni
560 4575 629 4650 eto,
652 4591 710 4656 per
732 4570 794 4635 hoc
817 4575 949 4635 tantum
972 4571 1060 4636 idem
1083 4569 1351 4658 archiepiscopus,
1375 4577 1449 4637 tan-

397 4693 496 4758 quam
518 4671 792 4758 metropolitanus
813 4677 885 4750 etc,
899 4673 976 4738 sede
998 4678 1147 4760 vacante,
1169 4695 1267 4762 super
1289 4675 1353 4740 hiis
1375 4698 1448 4761 quae
