3570 5718
519 851 720 902 nnarsrnuu
742 848 945 903 prnsurust
966 853 1207 905 nuumunnsn
1322 841 1384 908 949

161 1049 319 1110 Aetnaea
334 1061 450 1127 regem
483 1040 632 1127 impedit,
656 1044 690 1106 et
720 1042 782 1107 hoc
815 1044 950 1128 paratus
972 1044 1023 1106 est
1044 1041 1221 1124 verificare,
1244 1064 1303 1130 pro
1326 1044 1384 1108 do·
1413 1055 1536 1104 tlt-uu.

126 1141 130 1148 ’
334 1144 426 1208 mino
449 1163 533 1229 rege,
555 1147 614 1209 etc.

378 1244 424 1308 Et
446 1243 624 1329 episcopus,
647 1265 706 1328 per
743 1247 953 1310 attornatum
975 1265 1080 1323 suum,
1103 1246 1204 1324 venit,
1227 1249 1262 1310 et
1292 1247 1381 1328 dicit,

334 1346 422 1432 quod
455 1345 617 1432 praedicta
639 1344 774 1411 ecclesia
796 1350 847 1411 est
869 1346 956 1410 infra
978 1346 1196 1432 praecinctum
1217 1346 1382 1414 libertatis

331 1448 537 1534 episcopatus
569 1447 621 1511 sui
654 1445 816 1533 praedicti,
847 1446 907 1511 ubi
940 1447 1040 1512 breve
1074 1469 1171 1512 suum
1208 1451 1378 1534 proprium

331 1548 434 1614 currit
446 1573 455 1628 ;
478 1553 510 1613 et
534 1548 682 1614 intendit
704 1550 793 1633 quod
816 1550 967 1615 dominus
990 1572 1050 1614 rex
1071 1551 1146 1615 vult
1168 1551 1255 1635 quod
1279 1550 1380 1636 placi-

333 1655 406 1715 tum
430 1649 521 1714 istud
536 1650 573 1713 in
596 1649 688 1714 curia
703 1649 757 1715 hic
773 1649 962 1728 deducatur,
978 1651 1015 1715 in
1029 1651 1258 1738 praejudicium
1280 1651 1378 1717 liber-

330 1751 411 1816 tatis
434 1773 501 1817 suae
524 1751 709 1837 praedictae3
733 1752 799 1830 sed,
823 1751 915 1815 salva
949 1751 1013 1816 sibi
1044 1751 1210 1818 calumnia
1231 1753 1378 1839 ejusdem

330 1852 493 1918 libertatis
527 1875 603 1930 suae,
625 1852 775 1918 defendit
808 1853 879 1916 vim
902 1858 937 1918 et
950 1852 1117 1938 iujuriam,
1141 1855 1272 1938 quando
1295 1861 1378 1936 etc.;

330 1960 364 2019 et
395 1976 461 2018 non
484 1960 594 2041 potest
615 1955 772 2032 dedicere,
796 1956 879 2040 quin
908 1954 1066 2040 praedicta
1089 1954 1224 2020 ecclesia
1244 1957 1379 2022 vacavit

331 2060 477 2141 tempore
499 2056 683 2122 vacationis
705 2057 791 2121 sedis
815 2057 1021 2142 episcopatus
1044 2055 1196 2140 praedicti
1218 2057 1255 2121 in
1276 2079 1378 2124 manu

331 2157 456 2221 domini
470 2158 557 2243 regis
573 2155 772 2222 existentis¹
806 2157 851 2221 Et
865 2157 939 2221 ideo
954 2156 1199 2222 consideratum
1216 2161 1274 2234 est,
1291 2161 1379 2243 quod

298 2265 300 2277 '
330 2258 483 2324 dominus
517 2279 577 2323 rex
610 2262 780 2344 recuperet
814 2258 1104 2344 presentationem
1136 2279 1228 2323 suam
1265 2281 1379 2326 versus

207 2437 210 2443 Ι
330 2381 406 2424 eum
429 2360 471 2423 ad
493 2359 690 2444 praedictam
712 2358 890 2435 ecclesiam,
913 2363 948 2423 et
969 2358 1092 2423 habeat
1114 2360 1213 2424 breve
1229 2360 1378 2448 episcopo

329 2459 555 2537 Dunolmensi,
589 2461 685 2545 quod,
708 2459 751 2526 ad
784 2459 1075 2546 praesentationem
1112 2461 1215 2546 ipsius
1253 2463 1379 2529 domini

329 2561 425 2647 regis,
448 2561 491 2626 ad
525 2562 718 2647 praedictam
752 2561 920 2629 ecclesiam
951 2561 1104 2627 idoneam
1128 2584 1300 2649 personam
1322 2566 1379 2631 ad-

329 2662 454 2738 mittat,
477 2667 536 2729 etc.
582 2664 628 2727 Et
660 2663 768 2748 quoad
797 2664 979 2749 hoc,'quod
1002 2665 1178 2749 praedictus
1199 2666 1378 2750 lohannes,

330 2765 387 2850 qui
422 2765 579 2850 sequitur,
602 2764 709 2830 eidem
745 2765 896 2852 episcopo
917 2767 1070 2852 imponit,
1093 2766 1182 2852 quod
1216 2767 1286 2852 ipse
1317 2768 1378 2833 im·

330 2865 459 2953 pedivit
507 2865 677 2930 dominum
715 2887 840 2952 regem.
862 2871 1063 2952 prasentare
1093 2873 1161 2946 etc,
1199 2868 1378 2955 praedictus

330 2968 500 3053 episcopus
537 2966 622 3032 bene
664 2967 826 3046 defendit,
864 2969 953 3054 quod
990 2969 1060 3055 ipse
1097 2989 1164 3034 non
1201 2969 1377 3056 impedivit

329 3069 437 3154 ipsum
464 3066 636 3132 dominum
667 3090 778 3154 regem
800 3073 998 3155 praesentare
1020 3068 1064 3134 ad
1086 3068 1254 3156 praefatam
1280 3072 1378 3138 eccle·

328 3170 420 3249 siam,
452 3175 487 3235 et
517 3169 578 3235 hoc
610 3171 790 3256 praetendit
822 3171 991 3237 verificare
1015 3176 1096 3252 etc.;
1118 3176 1152 3236 et
1183 3172 1263 3257 quia
1295 3195 1379 3258 prae·

330 3272 436 3338 dictus
458 3270 638 3350 lohannes,
664 3271 722 3356 qui
754 3271 912 3357 sequitur,
948 3277 1006 3337 etc.
1045 3272 1127 3338 dicit
1150 3273 1240 3357 quod
1269 3272 1377 3339 noluit

332 3371 525 3458 praedictam
570 3371 833 3438 verificationem
879 3378 1052 3459 expectare
1090 3378 1159 3449 etc,
1204 3373 1289 3436 nihil
1335 3374 1376 3439 de

330 3471 551 3538 misericordia
572 3472 726 3557 episcopi,
751 3473 1001 3540 etc—Rotulus
1023 3471 1154 3557 lxxxvj.

482 3737 514 3750 ,,
551 3739 554 3745 ,
590 3736 595 3748 ,
704 3674 896 3752 Edwardus,
918 3674 982 3739 Dei
1008 3674 1125 3760 gratia,
1150 3677 1219 3749 etc,
1241 3693 1376 3739 venera·
1389 3694 1522 3758 rheuma

330 3740 517 3789 Brevedommr
530 3737 622 3802 [regu]
684 3777 716 3793 ..
744 3778 751 3792 .
874 3777 881 3791 .
1041 3775 1048 3790 .
1121 3775 1127 3789 .
1389 3747 1542 3806 mangenae

330 3819 375 3867 910
387 3803 624 3870 magemffim
659 3777 778 3842 b1111n
804 3777 937 3843 Ohnsto
963 3780 1059 3862 patri,
1086 3776 1237 3853 Rreardo,
1263 3774 1376 3840 eadem
1390 3795 1529 3840 masmae

330 3871 361 3919 de
389 3871 527 3933 Morpath’‚
550 3876 576 3919 et
592 3871 624 3920 ‘1⁰
656 3879 772 3966 gratia.
799 3877 1017 3944 Dunolmensi
1043 3845 1507 3964 episeopo‚salute1n.¹¹⁰'⁹⁸⁰¹'

329 3937 624 4066 gffiomlideedddopddldd'
656 3981 853 4047 Mandemus
863 3979 965 4058 vobis,
975 3980 1061 4045 sicut
1076 3979 1158 4044 alias
1172 3977 1267 4043 vobis
1282 4000 1374 4041 man·

329 4067 416 4133 ΜΨ·
659 4083 820 4161 davimus‚
843 4082 930 4168 quod
952 4080 1160 4167 distringatis
1183 4079 1377 4166 magistrum

330 4187 507 4252 Ricardum
532 4186 573 4252 de
597 4185 771 4272 Morpath’,
794 4206 852 4271 per
885 4183 1046 4248 beneficia
1075 4203 1134 4246 sua
1160 4179 1378 4246 ecclesiastica

331 4309 406 4374 quae
420 4287 521 4353 habet
542 4287 577 4352 in
601 4287 791 4373 episcopatu
814 4287 925 4350 vestro
948 4283 1115 4371 praedicto,
1141 4282 1190 4348 ita
1212 4281 1301 4366 quod
1323 4281 1377 4360 sit,

332 4411 440 4456 coram
473 4388 654 4456 baronibus
676 4387 717 4452 de
747 4385 915 4453 Seaccario
944 4389 1066 4462 nostro,
1096 4383 1185 4469 apud
1216 4382 1378 4450 Westmo-

332 4491 524 4568 nasterium,
561 4513 583 4554 a
619 4489 673 4554 die
713 4487 827 4554 Sancti
858 4485 1031 4552 Michaelis
1072 4485 1109 4550 in
1132 4507 1188 4552 xv.
1227 4485 1306 4562 dies,
1337 4485 1380 4550 ad

663 4709 672 4744 ¹
684 4711 824 4777 mittatis]
840 4709 950 4763 extentis
961 4708 988 4760 lu
999 4707 1056 4762 MS.
