3566 5712
396 791 461 856 990
573 797 996 852 numerumnunerum
1019 798 1265 852 uuunuuuusu.

242 1004 298 1050 au.
308 1006 364 1050 1³1⁴.
392 987 534 1069 mioidia,
562 987 828 1073 depredationes,
850 1006 890 1052 ae
918 987 985 1052 alia
1013 986 1160 1054 faoinora
1188 987 1318 1056 diversa
1347 987 1625 1056 inho-mninst-
1753 1053 1754 1056 ,

393 1090 535 1156 maniter
577 1089 782 1156 committere
825 1087 1016 1154 nullatenus
1053 1096 1285 1176 expavescunt,
1323 1113 1445 1170 sumus,

393 1215 468 1260 cum
498 1193 666 1260 eeleritate
703 1213 768 1276 qua
798 1212 977 1277 possumus,
1001 1212 1076 1256 oum
1099 1194 1193 1278 equis
1223 1199 1257 1258 et
1287 1194 1388 1259 armis
1402 1195 1445 1260 ad

394 1295 522 1362 easdem
538 1299 656 1380 partes,
673 1291 856 1358 auxiliante
872 1291 1024 1370 Domino,
1039 1293 1236 1380 profectum
1259 1317 1296 1360 ao
1310 1296 1345 1360 in
1369 1296 1446 1360 sub

393 1397 514 1462 sidium
553 1394 774 1480 expeditionis
803 1397 926 1460 nostrae
960 1395 1135 1481 praedietoe,
1157 1398 1267 1483 plures
1297 1397 1447 1464 homines

393 1499 527 1586 pedites,
538 1497 580 1563 ad
596 1519 687 1564 arma
702 1502 860 1584 potentes,
873 1501 1024 1583 oporteat
1040 1499 1219 1564 necessario
1233 1521 1293 1565 nos
1307 1500 1446 1580 habere;

394 1599 488 1666 vobis
517 1599 711 1664 mandamus
742 1603 903 1684 rogantes,
927 1599 1015 1684 quod
1038 1621 1095 1686 per
1124 1602 1241 1687 probos
1264 1606 1298 1667 et
1327 1602 1447 1688 legales

393 1703 551 1779 homiues,
575 1703 617 1766 de
651 1722 791 1787 quorum
826 1701 986 1767 fidelitate
1018 1708 1052 1768 et
1093 1703 1259 1769 industria
1291 1704 1445 1769 fiduciam

392 1804 549 1884 habeatis,
584 1809 618 1868 et
655 1824 715 1889 pro
750 1804 871 1888 quibus
908 1803 1078 1869 volueritis
1114 1805 1317 1891 respondere,
1354 1805 1445 1872 mille

391 1906 540 1971 homines
555 1905 689 1991 pedites,
705 1905 791 1970 infra
809 1905 994 1970 libertatem
1015 1911 1156 1972 vestram
1178 1907 1444 1986 Dunolmensem,

392 2009 433 2073 de
456 2005 698 2094 potentioribus
718 2010 753 2070 et
775 2004 989 2072 validioribus
1012 2005 1157 2091 ejusdem
1179 2007 1352 2090 libertatis,
1375 2010 1445 2074 sine
1575 2097 1577 2101 Ι

393 2111 551 2176 dilatione
573 2109 684 2195 aliqua
700 2108 785 2194 eligi,
802 2113 836 2174 et
859 2131 920 2187 eos,
936 2109 1084 2186 arcubus,
1100 2116 1134 2175 et
1157 2113 1297 2196 sagittis,
1312 2133 1349 2176 ac
1372 2111 1446 2178 aliis

393 2213 568 2280 armaturis
599 2211 848 2298 conpetentibus
878 2211 961 2277 bene
991 2219 1025 2277 et
1060 2211 1257 2280 sufficienter
1291 2216 1446 2293 munitos,

392 2317 435 2383 ad
458 2337 526 2396 nos,
542 2336 645 2400 usque
668 2313 710 2379 ad
732 2313 847 2378 villam
871 2313 961 2381 Novi
984 2313 1092 2380 Casiri
1115 2337 1213 2402 super
1235 2316 1374 2401 Tynam,
1389 2339 1447 2403 per

392 2419 519 2505 aliquos
542 2417 582 2482 de
605 2416 723 2481 vostris
745 2415 821 2481 duoi
843 2416 994 2493 faciatis;
1026 2415 1076 2482 ita
1106 2419 1194 2502 quod
1224 2419 1292 2484 siut
1314 2420 1447 2498 ibidem,

393 2523 447 2586 dio
484 2520 660 2586 Dominiea
693 2518 730 2582 in
767 2517 881 2584 Ramis
915 2519 1103 2583 Palrnarum
1141 2521 1291 2606 proximo
1325 2521 1447 2600 futura,

391 2623 537 2710 prompti
560 2627 594 2686 et
617 2620 723 2707 parati
746 2619 789 2685 ad
820 2619 1090 2705 proficiscendum
1124 2622 1244 2687 exinde
1266 2625 1446 2713 nobiseum,

391 2725 434 2790 ad
456 2723 556 2789 vadia
587 2727 707 2800 nostra,
730 2721 972 2788 contradictus
995 2722 1145 2788 inimieos
1174 2730 1310 2802 nostros,
1333 2727 1375 2791 ad
1399 2728 1447 2813 ip

391 2846 500 2892 sorum
523 2823 723 2890 obstinatam
739 2823 934 2910 superbiam,
950 2845 1024 2889 eum
1051 2825 1115 2890 Dei
1137 2826 1273 2905 auxilio,
1288 2833 1446 2914 potenter

329 3009 332 3016 ,
390 2932 425 2991 et
446 2925 588 2992 viriliter
602 2924 861 3010 reprimendam
885 2931 920 2991 et
942 2926 1013 3003 hoe,
1035 2926 1120 2993 sieut
1143 2949 1210 3006 nos,
1233 2936 1268 2994 et
1289 2930 1445 2996 honorem

390 3033 539 3092 nostrum
555 3033 589 3090 et
604 3033 759 3103 vestrum,
775 3047 812 3093 ac
827 3027 1043 3094 salvationem
1059 3030 1152 3115 regni
1166 3032 1277 3109 nostri,
1297 3032 1445 3119 diligitis,

388 3129 575 3196 nudatenus
598 3126 768 3192 omittatis.
835 3129 932 3192 Teste
954 3129 1087 3216 meipso
1113 3132 1201 3216 apud
1224 3133 1447 3200 Westmonas·

390 3231 520 3308 terium,
543 3226 628 3316 viij⁰.
652 3229 706 3295 die
729 3229 853 3308 Martii,
876 3251 963 3297 auno
986 3233 1079 3320 regni
1100 3234 1206 3300 nostri
1229 3236 1375 3322 septimo,

221 3422 375 3570 &Effer
390 3493 545 3545 Notandum.
701 3436 797 3518 Quod
830 3438 921 3504 istud
944 3440 1043 3505 breve
1077 3441 1142 3506 fuit
1173 3442 1334 3510 directum
1364 3445 1446 3514 Wil-

222 3574 351 3668 vhgafam
655 3538 752 3606 lolmo
775 3541 816 3606 de
839 3540 978 3621 Donum,
1003 3542 1046 3610 ad
1069 3545 1312 3630 exequendum.

222 3635 320 3676 gorngv
352 3655 358 3669 .

222 3723 380 3818 iiiiibti'
396 3762 510 3829 [BrevJe
532 3779 578 3828 pm
600 3765 676 3814 abba·
757 3741 925 3818 Rieardus,
958 3744 1170 3828 permissione
1202 3746 1327 3826 divina,
1350 3749 1444 3814 Dun-

222 3823 341 3916 fflffi‘
392 3829 675 3961 ‘Seaffcffffissffi
709 3840 863 3908 olmensis
895 3845 1075 3932 episeopus,
1107 3847 1228 3914 dilecto
1259 3849 1360 3916 filio.
1396 3904 1403 3916 .
1437 3903 1443 3918 .

221 3924 350 4018 iiti3·i.⁸‘·
391 3962 534 4014 commissio
566 3935 668 4030 [rupis]
707 3942 836 4010 officiali
866 3945 1092 4026 Dunelmeusi,
1124 3949 1273 4029 salutem,
1302 3953 1443 4038 gratiam

391 4031 488 4079 eodem.
704 4051 739 4111 et
753 4048 1021 4117 benedictionem.
1060 4051 1166 4117 Breve
1188 4053 1315 4119 domini
1330 4057 1443 4132 nostri,

390 4144 515 4209 domini
548 4145 632 4230 regis
655 4146 786 4234 Angliae
809 4149 956 4231 illustris,
981 4151 1016 4214 in
1039 4151 1184 4240 hospitio
1213 4161 1326 4221 nostro
1344 4157 1446 4242 juxta

389 4245 597 4327 Londinium,
613 4268 718 4334 nuper
740 4253 927 4338 recepimus,
943 4253 979 4317 iu
994 4253 1065 4319 haee
1086 4257 1188 4321 verba
1197 4257 1443 4339 ;—-Edvvurdus,

389 4347 452 4412 Dei
483 4349 599 4433 gratia,
630 4371 691 4414 rex
721 4350 861 4438 Angliae,
896 4355 1067 4420 domiuus
1088 4355 1267 4436 Hiberniae,
1302 4364 1335 4423 et
1373 4359 1445 4425 dux

389 4449 589 4533 Aquitaniae,
611 4454 791 4519 venerabili
814 4455 850 4519 in
875 4455 1009 4521 Christo
1032 4457 1129 4542 patri,
1153 4458 1304 4540 Ricard0,
1329 4461 1443 4526 eadem

389 4551 504 4634 gratia,
528 4553 677 4638 episeopo
708 4555 932 4636 Dunolmensi,
955 4557 1103 4625 salutem.
1148 4561 1203 4624 Ad
1226 4563 1444 4648 possessiones

390 4654 425 4714 et
457 4650 535 4734 jura
571 4653 742 4720 domorum
780 4657 1006 4746 religiosorum
1043 4659 1083 4726 do
1117 4666 1231 4727 nostro
1264 4669 1442 4754 patronatu
