3538 5712
501 824 700 876 aasurauu
723 823 924 876 emmanu
946 825 1187 878 nusmurrsn
1285 803 1370 885 1129

153 1015 283 1070 mrem.
291 1019 310 1061 1·
321 1015 442 1089 nocua
476 1010 693 1091 confirmasse,
724 1009 843 1077 dilecto
877 1009 975 1078 fratri
1007 1017 1129 1094 nostro,
1152 1012 1296 1082 Patricio
1330 1015 1372 1081 de
1404 1029 1460 1076 ln.
1468 1031 1527 1075 1³11.
1660 1017 1668 1032 '

323 1113 480 1191 Kellawe,
502 1116 613 1178 totum
633 1117 766 1178 vastum
787 1117 947 1193 nostrum,
970 1116 1060 1201 quod
1082 1123 1220 1183 vocatur
1252 1124 1269 1154 “
1287 1116 1374 1184 Har·

321 1214 475 1292 barwes,''
497 1236 572 1281 cum
594 1215 693 1281 bosco
716 1218 933 1302 superstante,
949 1221 983 1282 et
998 1217 1150 1284 omnibus
1172 1219 1372 1310 tenementis

322 1315 409 1381 infra
431 1311 553 1383 divisas
575 1315 778 1402 subscriptas
800 1316 976 1396 contentis,
998 1317 1161 1398 videlieet,
1184 1320 1371 1407 incipiendo

321 1417 359 1482 in
373 1416 553 1483 Holleford’
576 1417 694 1483 subtus
716 1416 841 1496 Ooken,
856 1422 892 1483 et
906 1439 1005 1506 super
1018 1419 1125 1498 Weer,
1139 1425 1175 1487 st
1196 1422 1242 1488 sic
1265 1443 1299 1488 se
1315 1442 1372 1487 ex-

321 1518 487 1584 tendendo
518 1539 632 1584 versus
667 1519 809 1597 boream,
827 1516 930 1604 juxta
959 1520 1062 1586 altam
1096 1522 1195 1602 viam
1217 1543 1319 1608 usque
1341 1522 1373 1589 le

322 1617 534 1686 Orokedford’
569 1640 667 1706 super
695 1619 906 1699 Blakoburn',
929 1626 964 1686 et
997 1620 1116 1688 deinde
1149 1623 1375 1690 descendendo

315 1720 416 1806 juxta
450 1720 654 1788 Blakeburn’
693 1742 797 1807 usque
835 1722 871 1786 in
903 1742 1024 1808 aquam
1056 1721 1098 1789 de
1131 1723 1238 1804 Weer,
1261 1745 1375 1791 versus

322 1823 491 1903 orientem,
513 1828 549 1889 et
570 1823 691 1890 deinde
713 1823 919 1890 ascendendo
944 1824 1047 1910 juxta
1069 1846 1188 1914 aquam
1212 1829 1253 1894 da
1276 1827 1374 1895 Weer

322 1945 425 2011 usque
458 1923 655 2012 pradictum
687 1925 795 1992 locum
818 1924 860 1991 de
882 1924 1072 2006 Holleford’,
1096 1949 1171 1994 aum
1200 1949 1375 1997 commune

321 2030 467 2113 pasturae
489 2026 532 2092 ad
554 2024 743 2092 omnimoda
776 2025 896 2104 averia,
927 2047 1044 2112 peoora
1066 2035 1101 2093 et
1122 2030 1280 2096 animalia
1301 2053 1369 2110 sua,
1465 2091 1467 2096 .

183 2136 187 2144 '
321 2127 359 2191 in
381 2126 534 2193 omnibus
555 2125 669 2204 boscis,
693 2127 838 2212 pasturis
861 2131 897 2192 at
918 2127 1022 2194 vastis
1044 2131 1165 2204 nostris
1195 2131 1374 2216 adjacenti-

322 2227 395 2305 bus,
416 2231 488 2292 tam
508 2227 544 2291 in
566 2226 680 2292 warda
710 2224 816 2292 Cestr’
847 2247 946 2312 quam
979 2228 1016 2292 in
1049 2228 1158 2316 Haya,
1181 2230 1279 2296 simul
1301 2252 1376 2297 cum

322 2328 574 2394 rationabilibus
597 2326 768 2392 eetoveriis
790 2327 869 2406 suis,
892 2328 1054 2408 videlieet,
1077 2330 1265 2411 housebote,
1288 2333 1371 2420 hay·

323 2431 402 2495 bote
424 2434 460 2495 et
480 2429 641 2516 fyrebote,
656 2433 727 2493 tam
749 2429 786 2492 in
808 2435 949 2515 paytara
970 2435 1006 2496 et
1027 2432 1178 2499 turbaris
1198 2439 1314 2501 nostra
1335 2435 1377 2501 de

324 2531 481 2612 Neulon',
510 2552 611 2616 quam
633 2530 671 2594 in
692 2529 798 2595 boscis
832 2531 953 2597 nostris
983 2534 1160 2619 proedictis,
1193 2535 1264 2602 sine
1301 2538 1376 2603 visu

324 2631 569 2700 forestariorum
610 2634 807 2712 nostrorum,
838 2653 896 2697 sau
926 2653 1145 2702 successorum
1182 2643 1377 2719 nostrorum,

325 2755 385 2820 pro
417 2733 583 2821 praedictis
614 2731 813 2798 tenementis
845 2733 922 2812 suis,
945 2741 980 2800 et
1010 2738 1203 2824 messuagiis
1224 2740 1378 2807 omnibus

325 2836 362 2900 in
392 2836 515 2902 eisdem
552 2834 749 2899 tenementis
786 2834 823 2898 in
847 2839 1043 2921 perpetuum
1074 2837 1295 2918 aedifioendis3
1327 2841 1378 2908 ita

325 2937 414 3024 quod
436 2939 520 3004 bene
541 2936 639 3002 liceat
660 2935 764 3014 nobis,
787 2941 822 3001 at
844 2938 1083 3005 successoribus
1105 2941 1235 3020 nostris,
1251 2944 1292 3009 de
1307 2945 1379 3018 dio·¹

325 3041 371 3104 tis
393 3039 498 3106 vastis
518 3038 640 3103 nostris
672 3037 901 3122 adjacentibus
932 3059 1146 3125 approuwara
1176 3063 1236 3129 pro
1258 3045 1376 3110 volun·

325 3146 396 3206 tate
418 3145 551 3218 nostra;
574 3139 801 3205 salvatamen
823 3137 1008 3206 sufficiente
1031 3163 1204 3211 communa
1234 3154 1377 3233 pastura

326 3242 486 3328 praedieeo
517 3239 661 3305 Patricio
691 3245 726 3305 et
756 3239 943 3306 haeredibus
973 3241 1049 3320 suis,
1083 3265 1143 3329 pro
1180 3249 1377 3316 omnimodis

325 3343 446 3410 averiis
483 3341 652 3428 pecoribus
689 3345 725 3406 et
761 3340 959 3407 animalibus
996 3343 1065 3408 suis
1102 3349 1307 3433 supradictis,
1342 3359 1378 3420 et

325 3463 500 3514 commune
533 3443 690 3508 turbariae
722 3447 757 3508 at
788 3447 937 3528 payterae
967 3444 1131 3528 pradicta,
1161 3469 1236 3514 cum
1273 3453 1377 3519 libero

325 3549 475 3636 ingressu
497 3549 531 3611 et
554 3565 694 3632 egressu,
716 3549 786 3608 tam
810 3564 870 3629 pro
893 3543 1064 3610 estoveriis
1094 3547 1256 3625 cariandis
1277 3574 1376 3637 quam

326 3647 522 3715 omnimodis
537 3643 667 3722 averiis,
682 3643 862 3730 pecoribus,
879 3648 914 3709 et
938 3642 1136 3712 animalibus
1160 3655 1376 3735 pasturandis.
1416 3732 1419 3736 ¹

327 3748 552 3816 concessimus
570 3745 684 3811 ¹etiam
716 3745 823 3834 eidem
858 3744 1002 3813 Patricio
1033 3753 1067 3812 ct
1101 3747 1286 3828 haeredibus
1308 3756 1376 3823 suis

326 3871 386 3937 pro
408 3848 504 3914 nobis
526 3854 561 3913 et
581 3845 819 3914 successoribus
840 3846 971 3926 nostris,
994 3850 1082 3934 quod
1104 3851 1192 3917 idem
1214 3853 1376 3924 Patricius

327 3958 362 4019 et
383 3950 529 4018 haeredes
551 3947 603 4014 sui
625 3947 762 4014 marlam
792 3947 982 4034 ubicunque
1010 3949 1048 4014 in
1079 3952 1147 4017 solo
1180 3961 1293 4023 nostro
1306 3957 1377 4044 [vel

327 4073 546 4122 successorum
593 4055 781 4116 nostrorum
817 4049 999 4128 inventam,
1036 4053 1090 4117 vel
1134 4055 1375 4141 inveniendam,

326 4156 416 4221 licite
437 4153 548 4221 fodere
568 4153 713 4231 valeant,
735 4155 770 4217 ot
791 4171 851 4238 pro
873 4151 1047 4218 voluntate
1069 4175 1130 4220 sua
1150 4165 1319 4244 asportare
1341 4171 1376 4229 et

327 4257 460 4336 eariare,
476 4256 518 4322 ad
533 4259 656 4320 terram
679 4273 772 4318 suam
794 4251 986 4340 praedictam
1008 4253 1212 4324 marlandam
1223 4284 1231 4340 ;
1252 4261 1376 4349 absquo

328 4357 389 4424 hoc
405 4358 495 4444 quod
516 4355 654 4423 mariam
675 4355 768 4421 illam
790 4355 872 4421 dont
893 4376 953 4421 seu
974 4356 1144 4438 vendant;
1168 4365 1202 4425 et
1216 4363 1374 4447 similiter,

328 4461 417 4546 quod
438 4460 584 4526 habeant
605 4458 642 4522 in
663 4460 859 4543 perpetuum
881 4477 996 4543 porcos
1018 4479 1093 4525 suos
1115 4459 1150 4524 in
1172 4462 1277 4530 boscis
1298 4489 1374 4534 nos·

327 4563 389 4646 tris
411 4562 661 4648 quibuscunque
691 4558 732 4624 da
762 4558 928 4645 pannagio
958 4559 1093 4644 quietos.
1149 4561 1374 4636 Ooncessimus
1469 4647 1474 4656 ¹

327 4665 464 4752 insuper
486 4663 592 4730 eidem
614 4660 757 4728 Patricio
779 4664 814 4726 et
834 4659 1021 4727 haeredibus
1043 4663 1118 4742 suis,
1141 4685 1200 4751 pro
1223 4669 1318 4736 nobis
1340 4677 1374 4738 et
