3468 5704
481 791 682 842 nncrsrnnn
705 791 907 840 ransrmnu
929 792 1167 844 nunmnmsn
1286 785 1351 847 693

128 979 404 1044 animosioris
436 978 572 1044 avobis
601 980 645 1044 ad
668 979 792 1045 dictam
823 981 949 1047 curiam
982 980 1218 1047 Eboracensem
1249 983 1350 1048 inter·
1379 1007 1503 1055 surm.

298 1081 409 1168 jacaae,
441 1088 531 1148 mota
563 1104 672 1148 coram
705 1083 809 1161 nobis,
833 1083 923 1148 inter
945 1084 1161 1148 reverendum
1184 1085 1291 1150 virum
1315 1096 1349 1150 et

303 1183 481 1248 discretum
513 1183 683 1250 dominum
715 1183 875 1250 llromam
910 1185 951 1249 de
975 1184 1223 1272 Goldesburgh’‚
1245 1187 1348 1252 archi-

303 1286 474 1350 diaconum
490 1285 755 1364 Dunelmensem,
779 1287 1010 1374 appellantem,
1034 1309 1075 1351 ex
1100 1296 1195 1374 parte
1218 1311 1293 1366 una,
1316 1295 1349 1353 et

302 1387 469 1473 religiosos
484 1388 573 1453 viros
590 1437 598 1454 .
616 1437 634 1465 .,
650 1389 791 1475 priorem
816 1395 851 1454 et
866 1395 1067 1454 conventum
1082 1391 1348 1467 Dunolmensem,

299 1494 426 1576 partem
448 1490 658 1576 appellatam,
676 1513 718 1555 ex
739 1492 851 1568 altera,
876 1513 934 1578 pro
958 1513 1036 1557 voce
1058 1491 1297 1578 appellationis
1316 1499 1349 1558 et

293 1591 524 1678 jurisdictione
548 1591 646 1658 dictae
668 1593 768 1658 curiae
792 1592 1015 1673 Eboracensis,
1047 1595 1348 1679 pronunciavimus,

298 1694 498 1758 mittendum
532 1694 632 1759 otiam
664 1695 732 1760 fore
764 1717 823 1782 pro
854 1716 1008 1780 processu
1046 1695 1220 1782 principali
1259 1697 1348 1761 inter

299 1795 402 1862 dictas
432 1801 552 1882 partes,
577 1818 684 1862 coram
708 1797 802 1861 vobis
832 1796 956 1874 habito,
980 1797 1194 1876 decrevimus,
1212 1797 1348 1883 justitia

186 1957 188 1962 .
299 1897 473 1984 exigente;
506 1897 703 1984 paternitati
725 1903 845 1963 vestrae
875 1898 1072 1976 reverendae,
1097 1921 1172 1965 cum
1196 1921 1233 1964 ea
1255 1923 1346 1965 reve-

298 1999 404 2064 rentia
435 2021 502 2086 qua
524 2000 625 2077 decet,
652 2001 850 2064 auctoritate
884 2001 982 2066 dictae
1005 2000 1112 2079 curiae,
1135 1999 1348 2086 ¹injungimus

296 2101 437 2165 fimiter
473 2107 508 2165 et
544 2087 740 2166 mandamus
778 2107 940 2185 quatenus
979 2101 1119 2165 eundem
1163 2123 1347 2185 processum

296 2202 392 2266 nobis
416 2202 469 2266 vel
491 2201 713 2266 commissario
735 2206 848 2265 nostro
871 2201 1026 2286 generali,
1041 2202 1084 2265 ad
1107 2201 1195 2266 diem
1212 2202 1348 2268 Veneris

297 2303 448 2390 proximo
479 2309 557 2368 ante
590 2303 798 2369 Dominicam
827 2303 864 2367 in
898 2303 1011 2368 Ramis
1051 2303 1248 2383 Palmarnm,
1287 2306 1349 2370 sub

299 2405 407 2490 sigillo
430 2409 540 2470 vestro
562 2405 736 2482 inclusum,
759 2405 905 2492 plenarie
928 2407 1172 2472 transmittatis.
1219 2409 1270 2472 De
1293 2409 1347 2472 die

299 2529 378 2572 vero
400 2507 613 2594 porrectionis
635 2507 847 2592 praesentium
873 2507 968 2572 vobis
990 2507 1145 2585 fecisset
1168 2509 1247 2594 quid
1269 2511 1348 2575 saei-

299 2611 420 2674 endum
451 2609 613 2673 duxeritis
646 2610 682 2672 in
712 2609 898 2694 praemissis
925 2609 1020 2674 nobis
1043 2610 1098 2674 vel
1124 2611 1347 2677 commissario

298 2718 410 2777 nostro
441 2711 484 2777 ad
508 2710 650 2776 eundem
681 2711 768 2776 diem
799 2717 948 2776 constare
978 2711 1116 2790 fecialia,
1140 2735 1197 2798 per
1219 2719 1347 2780 vestras

298 2817 448 2899 patentes
491 2813 614 2890 literas,
650 2835 725 2898 quae
766 2813 884 2878 harum
935 2813 1051 2878 seriem
1100 2822 1345 2901 repraesentent.

297 2914 421 2980 Datum
444 2914 592 2993 Eboraci,
616 2915 685 3000 viij.
716 2914 779 2980 kal.
814 2914 938 2992 Martii,
969 2937 1057 2980 anno
1084 2915 1210 2983 Gratiae
1242 2919 1346 2983 mille·

297 3017 379 3082 simo
417 3028 488 3082 ccc⁰.
520 3015 900 3101 quartodecimo—Post
938 3037 1078 3101 querum
1117 3020 1345 3105 receptionem,

297 3119 454 3206 magistro
477 3119 622 3184 Andreae
649 3118 690 3182 de
713 3117 848 3204 Tanges,
870 3119 1000 3184 notario
1023 3125 1146 3197 nostro,
1166 3121 1346 3187 Londoniis

296 3233 376 3292 tunc
399 3226 521 3312 agenti,
549 3245 725 3310 perquem
749 3224 876 3290 dictum
909 3245 1094 3310 processum
1116 3227 1187 3290 fieri
1210 3228 1346 3292 manda-

296 3330 414 3409 vimus,
449 3332 483 3392 et
514 3328 549 3390 in
583 3328 676 3412 cujus
709 3326 865 3392 manibus
886 3327 1016 3403 residet,
1051 3327 1239 3412 scripsimus
1276 3329 1346 3393 sine
1390 3391 1392 3398 Α

296 3451 397 3508 mora,
420 3435 460 3494 ut
490 3428 533 3494 ad
565 3449 627 3492 nos
657 3449 732 3494 cum
765 3426 854 3493 dicto
887 3448 1048 3514 processu,
1070 3427 1155 3492 citra
1188 3427 1274 3492 diem
1310 3430 1347 3493 in

295 3532 400 3598 literis
430 3531 551 3596 vestris
577 3533 780 3606 contentum,
807 3528 986 3606 accederet,
1013 3529 1067 3594 vel
1097 3529 1213 3593 saltem
1238 3530 1346 3615 ipsum

295 3657 482 3723 processum
505 3632 656 3698 mitteret
690 3631 785 3696 nobis
814 3631 927 3717 plene;
950 3631 1037 3695 unde
1059 3652 1134 3696 cum
1157 3631 1265 3698 adhuc
1286 3655 1346 3700 neo

295 3739 403 3803 dictus
424 3735 574 3800 notarius
600 3734 644 3798 ad
666 3737 775 3819 partes
797 3733 877 3797 istae
892 3733 1070 3812 accesserit,
1087 3755 1147 3799 neo
1161 3755 1345 3820 processum

297 3839 430 3904 duxerit
452 3835 755 3912 transmittendum,
778 3834 865 3920 quod
889 3835 996 3920 ipsum
1020 3834 1114 3898 vobis
1143 3856 1210 3899 non
1240 3836 1346 3901 mitti-

297 3962 371 4005 mus
401 3940 465 4003 ista
487 3937 566 4014 vice,
589 3941 699 4002 vestra
728 3957 788 4000 nos
817 3934 939 4000 hebeat
970 3935 1124 3999 discretio
1159 3955 1346 4018 quaesumus

297 4047 490 4108 excusatos·
531 4037 651 4102 Valete
713 4037 841 4101 Datum
875 4035 965 4121 apud
998 4034 1155 4119 Rychale‚
1190 4035 1258 4119 xij0.
1293 4039 1346 4102 die

297 4141 422 4218 Martii,
454 4160 541 4204 anno
574 4139 709 4201 Domini
745 4137 916 4201 millesimo
952 4136 1179 4200 trecentesimo
1214 4145 1346 4221 quarto-

297 4242 445 4311 decimo.¹

295 4389 447 4401 —————

329 4461 337 4493 ¹
357 4461 426 4511 Nota
445 4457 513 4522 quod
530 4453 591 4504 alins
609 4451 658 4503 suit
676 4449 797 4516 scriptum
848 4453 864 4478 “
876 4447 1029 4514 supradictae
1040 4449 1345 4512 coramnobislstnmrub

295 4542 322 4592 in
337 4537 462 4590 consimili
477 4529 638 4595 torniacum
657 4530 797 4596 rdJ'ectione
848 4533 864 4560 “
876 4529 958 4596 sigillo
966 4536 1051 4581 nostro
1062 4530 1133 4582 vobis
1140 4531 1257 4585 duximus
1265 4543 1345 4589 trans·

295 4620 342 4670 ista
351 4623 407 4678 ;-“
417 4613 497 4668 sicuti
509 4613 570 4664 alias
587 4612 628 4663 cni
649 4609 797 4674 rescriptum
848 4616 864 4641 “
876 4609 1032 4663 mittendum.
1066 4610 1185 4674 Valete‚’'
1195 4621 1242 4668 etc.

296 4701 312 4726 ‘¹
324 4697 380 4758 fuir,
391 4697 457 4746 unde
473 4707 616 4759 processum
637 4690 797 4754 intercutes
