3566 5712
524 835 722 888 aamercort
745 837 948 890 ranarmuu
970 839 1211 892 nuuetunnsn
1326 827 1391 892 983

166 1045 206 1088 sn
221 1023 437 1101 apraanobis
468 1021 592 1104 debuit,
615 1025 668 1090 die
697 1025 864 1111 praedicte,
889 1031 923 1091 et
952 1047 1027 1113 quae
1057 1027 1166 1114 ipsum
1196 1027 1391 1092 defunctum
1421 1047 1544 1095 auum.

340 1124 457 1191 debere
494 1127 629 1212 reperiri
667 1128 844 1214 continget,
879 1134 1043 1214 quatenus
1081 1130 1170 1196 bona
1207 1134 1242 1195 et
1271 1130 1390 1196 catella

338 1249 414 1312 quae
445 1227 582 1293 fuerunt
620 1227 766 1313 ejusdem
801 1227 960 1310 defuncti,
984 1231 1098 1296 eodem
1129 1231 1183 1296 die
1214 1232 1388 1310 sufficiunt,

339 1328 432 1393 vobis
448 1330 650 1407 mandamus,
667 1330 754 1395 sicut
777 1330 867 1408 alias,
883 1332 972 1417 quod
995 1332 1106 1398 omnia
1120 1333 1207 1398 bona
1226 1333 1390 1400 ecclesias·

336 1430 404 1496 tica
419 1452 493 1517 quae
516 1432 603 1497 idem
626 1433 802 1498 defunctus
825 1434 952 1512 habuit,
973 1439 1042 1500 tam
1065 1434 1155 1521 apud
1179 1436 1332 1500 Aucland
1354 1441 1389 1501 et

336 1532 547 1619 Leek,qua1n
567 1533 647 1598 alibi
669 1535 706 1598 in
722 1534 854 1600 dioecesi
877 1541 996 1614 vestra,
1012 1537 1065 1602 die
1081 1557 1146 1622 quo
1169 1537 1252 1602 obiit
1274 1559 1386 1624 supra-

334 1634 523 1713 diotusius
554 1636 713 1701 dilatione
743 1637 944 1724 sequestrari
974 1644 1009 1702 et
1035 1639 1215 1724 appretiari
1246 1639 1386 1716 faciatis

333 1743 366 1801 et
389 1758 435 1815 ea,
457 1759 525 1804 una
547 1761 622 1803 cum
652 1738 719 1803 illis
741 1729 934 1825 bonis'quae
956 1740 1093 1804 fuerunt
1114 1739 1196 1806 dicti
1227 1740 1386 1817 defuncti,

332 1837 373 1902 ad
405 1838 585 1904 valentiam
619 1861 689 1917 aa,
718 1840 777 1905 diu
799 1845 849 1906 est
871 1841 915 1905 ad
937 1843 1130 1906 mandatum
1153 1846 1303 1907 nostrum
1325 1863 1384 1929 per

331 1961 390 2005 vos
421 1942 641 2026 sequestratis,
666 1947 701 2006 at
730 1964 829 2028 penes
860 1964 919 2007 voa
949 1943 1178 2022 existentibus,
1202 1950 1302 2029 prout
1324 1967 1383 2010 vos

330 2044 524 2108 retornaatis
556 2065 664 2109 eoram
697 2043 876 2109 baronibus
911 2043 952 2108 de
989 2045 1158 2110 Scaeeario
1194 2051 1315 2122 nostro,
1346 2045 1383 2109 in

330 2145 474 2210 crastino
498 2145 612 2210 Clausi
635 2145 777 2223 Paaebae,
806 2166 895 2210 anno
926 2146 1020 2231 regni
1043 2146 1149 2210 nostri
1172 2151 1275 2222 sexto,
1299 2168 1382 2232 prae-

329 2245 409 2310 fatis
439 2247 678 2323 executoribus,
701 2246 755 2310 val
778 2267 891 2312 eorum
922 2246 959 2310 iu
988 2247 1049 2311 hee
1076 2253 1171 2333 parte
1202 2253 1382 2326 aeternale,

330 2347 527 2414 deliberetis.
589 2349 634 2413 Et
663 2353 813 2413 constare
843 2347 972 2413 faciatis
1006 2348 1187 2414 baronibus
1217 2349 1259 2414 de
1293 2351 1383 2416 dicto

330 2449 498 2533 Seaccario
537 2455 649 2515 nostro
685 2449 775 2536 apud
813 2450 1152 2528 Westmonasterium,
1184 2451 1220 2515 in
1258 2453 1383 2518 octabis

329 2550 443 2616 Sancti
481 2549 625 2629 Hillarii,
656 2572 730 2637 quae
764 2552 851 2617 bona
885 2551 1110 2629 ecclesiastica,
1141 2573 1214 2637 quac
1248 2553 1383 2620 fuerunt
1412 2557 1417 2568 '

329 2653 411 2718 dicti
433 2652 588 2731 defuncti,
612 2653 904 2740 sequestraveritis,
927 2661 961 2720 et
983 2653 1132 2740 praefatis
1154 2656 1383 2722 executoribus

327 2754 556 2834 liberaveritis,
588 2755 654 2834 ubi,
679 2760 713 2820 et
736 2756 877 2841 quando,
901 2761 936 2820 et
968 2761 1131 2842 quantum
1162 2755 1315 2838 valeaut;
1348 2764 1383 2824 et

327 2858 506 2922 remittatis
536 2858 585 2922 ibi
615 2862 695 2923 tune
718 2857 779 2922 hoc
810 2857 918 2923 breve.
979 2858 1085 2935 Teste,
1108 2858 1140 2924 J.
1163 2857 1204 2924 de
1227 2858 1380 2942 Sandale,

327 2964 461 3024 tenente
472 2960 581 3026 locum
596 2959 795 3026 thesaurarii
810 2960 923 3038 nostri,
939 2959 1028 3046 apud
1044 2960 1381 3041 westmonasterium,

327 3060 421 3146 xxij⁰.
446 3062 501 3127 die
525 3062 688 3140 Octobris,
710 3083 798 3128 armo
820 3062 915 3148 regni
937 3061 1044 3127 nostri
1066 3061 1215 3148 septimo.

554 3212 616 3280 Per
638 3215 730 3280 istud
752 3214 853 3280 breve
880 3214 1157 3301 sequestravimus
1186 3215 1275 3280 bona
1297 3215 1378 3282 dicti
1392 3233 1516 3281 nasama

327 3286 475 3340 aetornum.
510 3317 656 3383 defuncti
685 3315 973 3405 apudAukland',
997 3317 1243 3382 advolantium
1272 3315 1377 3404 xxxij.
1391 3285 1527 3390 iliriiii‘at.

327 3441 508 3489 marcarum
532 3425 567 3486 et
589 3418 747 3498 dimidiae,
770 3423 804 3484 et
826 3440 866 3484 ea
887 3418 1108 3496 liberavimus,
1132 3440 1199 3483 una
1220 3441 1293 3483 eum
1319 3443 1378 3487 ca.

326 3525 407 3590 alias
430 3547 488 3612 per
509 3545 569 3590 nos
591 3521 815 3608 sequestratio,
839 3521 1001 3587 Nicholao
1016 3520 1047 3585 le
1062 3521 1194 3599 Blount‚
1210 3526 1379 3589 attornato

327 3627 490 3692 dictorum
514 3629 735 3702 executorum,
759 3622 813 3687 die
837 3622 1100 3688 Oircumcisionis
1130 3621 1272 3688 Domini.
1334 3621 1379 3690 Et

329 3729 418 3814 apud
451 3727 550 3794 Leek'
584 3725 865 3813 sequestravimus
896 3723 991 3803 bona,
1018 3723 1061 3790 nd
1091 3722 1272 3790 valentiam
1307 3727 1376 3812 viij.

329 3853 520 3910 marcarum,
544 3830 651 3917 parati
678 3851 716 3894 ea
737 3828 877 3893 liberare
907 3826 996 3892 dicto
1018 3831 1197 3905 attornato,
1220 3828 1263 3894 ad
1285 3851 1378 3896 suam

329 3934 544 4013 voluntatem,
567 3953 641 3999 cum
663 3931 795 3997 venerit
824 3951 883 4017 pro
914 3929 1036 3995 eisdem
1066 3930 1271 4017 recipiendis.
1334 3934 1379 3998 Et

328 4036 451 4102 dicitur
481 4035 568 4122 quod
600 4034 724 4099 diversi
755 4033 918 4099 debitores
948 4031 1072 4097 debent
1104 4032 1194 4098 dieto
1225 4032 1379 4101 defuncto

327 4140 416 4226 apud
453 4137 552 4204 Leek’
589 4137 650 4203 cxl.
685 4157 829 4217 marcas3
862 4157 1001 4221 quorum
1026 4133 1212 4199 debitorum
1242 4137 1379 4204 nomina

326 4242 458 4307 liberari
480 4241 616 4306 fecimus
639 4237 819 4304 venerabili
841 4237 937 4324 patri,
954 4236 1088 4302 domino
1104 4236 1258 4316 Walter0,
1275 4238 1376 4306 eleeto

327 4341 568 4421 Cantuariensi,
592 4341 651 4407 uni
674 4346 886 4406 executorem
908 4337 990 4405 dicti
1012 4338 1167 4404 defuncti.

325 4495 582 4562 arevaaominiregts
660 4495 854 4572 Edwardus,
885 4493 948 4560 Dei
984 4493 1100 4580 gratia,
1137 4516 1197 4560 rex
1235 4495 1535 4606 Mglm‚QkQ‘2t

323 4563 582 4696 ffssyffssnsffi'iorffi
615 4598 769 4665 dominus
801 4595 980 4674 Hiberniae,
1009 4602 1043 4662 et
1073 4597 1143 4662 dux
1172 4597 1373 4684 Aquitaniae,
1388 4573 1512 4704 {affl

323 4697 435 4749 eccesia
449 4697 576 4749 arae.
610 4700 791 4769 venemur
814 4701 851 4766 in
875 4699 1006 4767 onusto
1029 4701 1126 4790 paea,
1149 4701 1301 4784 nicaeo,
1321 4673 1505 4772 aaa-millii
