3566 5712
516 753 739 848 00000000
762 781 965 849 rimemus
988 799 1229 854 nuumuuuss.
1320 789 1404 854 1031

188 989 346 1046 10110100
360 983 441 1051 tatis
478 985 598 1050 vestrm
629 981 869 1063 Dunolmensis,
901 967 975 1070 oapi
1005 985 1059 1050 vel
1095 984 1315 1073 imprisonari,
1349 1005 1407 1051 000
1437 998 1559 1050 aurun

358 1087 456 1155 modo
479 1086 596 1174 quovis
619 1085 685 1151 alio
711 1084 887 1164 molestari,
909 1107 969 1152 vos
997 1085 1063 1174 ipsi
1085 1088 1301 1155 nihilominus
1322 1110 1406 1176 prae-

360 1189 467 1257 fatum
490 1187 711 1276 Radulphum,
726 1188 815 1275 apud
846 1188 1009 1269 Stokton’,
1036 1189 1123 1256 infra
1153 1191 1276 1256 dietam
1307 1191 1405 1257 liber·
1483 1187 1485 1192 ’
1526 1217 1529 1224 ·

356 1297 469 1370 tatem,
502 1313 562 1378 pro
593 1291 734 1378 quadam
766 1292 1025 1379 transgressione
1059 1292 1123 1358 sibi
1156 1315 1215 1380 per
1246 1295 1405 1380 quosdam

356 1395 492 1462 aemulos
525 1414 601 1460 suos
631 1393 796 1480 imposita,
820 1395 962 1481 cepistis,
989 1400 1025 1461 et
1058 1395 1095 1460 in
1116 1395 1250 1482 prisona
1282 1401 1403 1476 vestra,

355 1499 444 1583 opud
459 1497 673 1578 Dunolmum‚
689 1497 817 1563 retrudi
840 1498 1024 1564 voluntarie
1038 1498 1261 1585 praeeapistis3
1278 1503 1312 1564 et
1326 1500 1404 1566 lieet

354 1601 441 1666 idem
465 1598 660 1687 Redulphus
682 1599 760 1664 inde
782 1599 1011 1688 replegiabilis‚
1022 1600 1125 1686 juxta
1146 1600 1252 1688 legem
1274 1607 1309 1668 et
1327 1622 1402 1668 eon·

359 1702 567 1770 suetudinem
583 1703 767 1789 praedictas,
792 1704 922 1782 existat,
945 1702 1141 1791 fueritisque
1163 1725 1205 1770 ex
1226 1709 1321 1792 parte
1342 1727 1402 1772 sua

360 1806 482 1893 pluries
497 1805 608 1872 debite
624 1804 784 1891 requisiti,
800 1811 840 1872 ut
855 1807 963 1893 ipsum
978 1827 1036 1894 per
1050 1805 1264 1873 sufficientem
1286 1829 1403 1875 manu-

352 1909 538 1994 eaptionem
570 1908 682 1972 stsndi
713 1911 803 1974 reato
837 1910 872 1972 in
904 1909 995 1975 euris
1016 1913 1138 1990 vestra,
1161 1930 1236 1974 eum
1267 1932 1327 1976 vos
1348 1914 1402 1977 vel

353 2009 437 2075 alius
459 2031 573 2076 versus
595 2031 671 2075 eum
700 2010 791 2096 loqui
813 2011 944 2076 velletis
968 2011 1009 2075 de
1038 2013 1293 2097 transgressione
1320 2035 1402 2100 prse-

353 2112 451 2193 diota‚
475 2111 648 2178 deliberari
678 2134 699 2177 a
728 2113 861 2198 prisone
889 2113 949 2177 illa
972 2112 1069 2178 modo
1099 2112 1211 2179 debito
1233 2114 1403 2197 faceretis3

357 2215 393 2278 id
408 2221 529 2294 tamen,
551 2214 595 2280 ad
617 2214 881 2302 procurationem
895 2214 1088 2280 aemulorum
1111 2236 1244 2280 suorum
1266 2217 1402 2303 praedio·

350 2322 470 2394 torum,
485 2317 653 2402 hueusque
675 2317 779 2383 faeere
801 2316 984 2396 recusastis,
1006 2318 1049 2382 ad
1075 2317 1233 2383 damnum
1255 2318 1402 2403 ejusdem

352 2418 521 2505 Radulphi
559 2439 627 2483 000
664 2420 837 2498 modicum,
860 2423 896 2484 et
932 2424 1039 2485 status
1072 2420 1124 2484 sni
1159 2420 1401 2506 depressionem

352 2525 569 2593 manifestam.
616 2525 661 2590 Et
675 2525 755 2610 quia
769 2522 944 2610 praefstum
959 2521 1182 2609 Radulphum‚
1197 2523 1258 2602 oui,
1272 2525 1401 2590 ratione

353 2625 529 2714 dignitatis
560 2632 683 2692 nostrae
717 2627 816 2713 regies
847 2631 883 2691 et
904 2625 1042 2691 dominii
1076 2625 1182 2690 nostri
1215 2627 1399 2712 superioris,

352 2751 473 2808 sumus,
507 2731 593 2796 sicut
624 2732 660 2794 et
691 2728 818 2796 caeteris
851 2728 958 2794 eidem
993 2727 1139 2793 dominio
1170 2725 1335 2814 subjectis,
1364 2730 1401 2794 in

353 2832 542 2898 exhibenda
574 2831 710 2918 justitia
743 2831 916 2910 debitores,
948 2830 1102 2896 nolumus
1135 2830 1257 2909 taliter,
1287 2835 1402 2897 eontra

346 2935 524 3020 justitiam,
546 2933 755 3021 praegrevari,
778 2933 873 2998 vobis
895 2932 1098 3014 mandamus,
1115 2933 1202 3019 quod
1223 2932 1254 2997 si
1274 2933 1326 2999 ita
1348 2933 1402 3011 sit,

354 3043 389 3104 et
410 3038 496 3103 idem
521 3035 717 3124 Radulphus
731 3036 898 3102 invenerit
912 3035 1007 3101 vobis
1029 3033 1133 3100 bonos
1147 3039 1182 3100 et
1203 3033 1401 3102 sufficientes

353 3131 604 3226 man'uesptores
636 3140 677 3204 de
708 3139 861 3205 libertate
894 3137 1061 3226 praedicta,
1092 3138 1150 3222 qui
1178 3159 1254 3202 eum
1286 3160 1401 3204 menu-

355 3242 488 3328 oapiant
519 3241 639 3308 hebere
672 3237 781 3308 eoram
810 3241 906 3306 vobis
936 3240 991 3306 vel
1012 3239 1174 3306 ministris
1203 3241 1332 3320 vestris,
1363 3241 1401 3306 10

352 3344 444 3410 ouria
465 3348 576 3410 vestra
597 3343 762 3409 libertatis
785 3342 883 3426 illius,
905 3343 949 3407 ad
963 3341 1157 3407 mandatum
1179 3345 1334 3421 vestrum,
1358 3343 1401 3407 ad

351 3447 507 3512 standum
529 3445 614 3514 inibi
636 3450 725 3512 recto
747 3446 788 3510 de
810 3446 901 3512 dieta
925 3444 1190 3530 transgressione,
1212 3443 1297 3510 01001
1319 3465 1402 3529 prae·

352 3549 477 3614 dietum
499 3553 559 3628 est,
582 3553 664 3614 tune
692 3551 801 3635 ipsum
823 3569 844 3613 a
864 3547 998 3633 prisona
1026 3545 1186 3631 praedicta
1207 3567 1266 3631 per
1287 3544 1401 3629 hujus·

353 3652 442 3718 modi
479 3651 765 3737 manuaptionem
802 3648 938 3714 interim
975 3646 1159 3724 deliberari,
1197 3650 1232 3712 et
1263 3646 1402 3712 ulterius

350 3754 450 3839 juste,
474 3755 652 3820 seeundum
686 3752 792 3840 legem
826 3755 860 3816 at
894 3748 1164 3816 consuetudinem
1198 3749 1402 3836 supradictas
1454 3743 1458 3752 ⁸

356 3856 484 3937 deduci,
508 3856 644 3934 faciatis,
667 3877 709 3920 ne
740 3854 874 3940 querela
895 3852 938 3918 sd
960 3873 1021 3917 nos
1042 3852 1120 3917 inde
1147 3852 1320 3939 perveniat
1341 3852 1402 3917 ite·

356 3963 438 4038 rata,
463 3980 521 4045 per
554 3959 651 4044 quod,
684 3957 721 4022 iu
743 3957 846 4024 vestri
878 3955 1017 4034 defectu,
1049 3954 1090 4020 (10
1119 3954 1184 4021 elio
1214 3953 1245 4020 ei
1273 3955 1310 4018 in
1340 3953 1403 4021 hae

355 4066 450 4148 perte
472 4061 618 4128 remedio
644 4079 704 4126 nos
734 4061 883 4148 oporteat
911 4057 1092 4144 providere.
1139 4056 1184 4122 Et
1206 4056 1236 4122 si
1256 4055 1404 4123 fortassis
1514 4127 1517 4136 ,

355 4185 453 4230 sauss
475 4164 585 4251 eliqua
607 4163 778 4242 subsusrit,
793 4162 835 4227 ob
850 4181 949 4248 quam
971 4159 1059 4224 idem
1083 4157 1278 4244 Radulphus
1300 4158 1404 4245 reple·

354 4267 487 4355 gisbilie
509 4287 577 4332 non
608 4265 739 4344 existat,
765 4269 846 4332 tune
876 4284 936 4328 000
969 4261 1011 4327 (10
1040 4281 1137 4326 causa
1167 4259 1226 4326 ille
1249 4259 1403 4340 reddatis,

354 4369 415 4434 sub
447 4369 555 4456 sigillo
586 4372 707 4444 vestro,
738 4366 894 4432 distinete
929 4367 964 4429 et
996 4369 1117 4449 aperte,
1140 4361 1211 4428 sine
1245 4361 1403 4428 dilatione

354 4472 515 4548 certiores,
538 4471 600 4536 hoo
622 4469 722 4534 breve
753 4468 848 4534 nobis
870 4466 1085 4531 remittentes.
1139 4463 1237 4529 Teste
1270 4463 1402 4550 1001000,

354 4573 442 4662 apud
472 4571 720 4659 Norhampton’,
742 4571 851 4656 xviijo.
878 4569 931 4634 die
962 4565 1168 4645 Novembris,
1190 4587 1278 4633 anno
1310 4569 1403 4655 regni

353 4674 458 4740 nostri
481 4681 603 4740 oetsvo.
