3570 5718
534 795 731 848 euerareru
753 794 957 850 amramis
978 799 1220 854 naumurum.
1333 785 1399 859 887

182 982 423 1072 anmmzipse
445 991 506 1064 est,
528 989 718 1065 tenentem3
745 987 779 1050 et
800 983 889 1049 unde
920 984 1065 1072 plegium
1097 985 1174 1050 finis
1208 986 1288 1053 facti
1310 1007 1400 1054 sum·
1429 1003 1552 1054 mara

353 1088 520 1154 monitum
541 1087 615 1164 fuit,
630 1087 717 1152 inter
741 1107 804 1166 eos,
822 1086 860 1150 in
885 1087 999 1152 eadem
1026 1087 1140 1170 curia;
1162 1089 1296 1168 scilicet,
1311 1091 1399 1175 quod

350 1191 529 1277 praedictus
550 1187 718 1254 Johannes
732 1188 922 1276 recognovit
943 1189 1138 1275 prediorum
1161 1191 1344 1258 manerium
1366 1196 1402 1256 et

351 1292 542 1378 praedictam
564 1295 748 1357 carucatam
778 1295 883 1364 terrae,
905 1312 979 1356 curn
1010 1292 1227 1377 pertinentiis,
1250 1315 1319 1359 esse
1344 1293 1401 1379 jus

352 1394 456 1481 ipsius
471 1393 621 1473 Roberti3
637 1396 671 1458 et
685 1397 842 1478 praetcrea
856 1393 946 1458 idem
961 1391 985 1458 J
986 1393 1130 1460 ohannes
1144 1397 1304 1461 concessit
1317 1417 1401 1481 proe·

352 1495 441 1560 dicto
475 1494 619 1560 Roberto
649 1495 833 1560 manerium
855 1494 896 1558 de
919 1494 1141 1581 Fyningham,
1164 1517 1239 1560 cum
1262 1497 1402 1564 advoca·

352 1595 607 1684 tioneneeclesiae
629 1594 774 1682 ejusdem
796 1595 944 1677 manerii,
968 1603 1003 1662 et
1025 1598 1176 1662 omnibus
1191 1598 1264 1662 aliis
1279 1599 1403 1684 pertin-

356 1699 463 1779 entiis,
479 1698 517 1762 in
532 1697 692 1763 comitatu
707 1697 881 1776 Suffolciaa,
898 1704 932 1764 et
946 1698 1030 1764 illud
1051 1700 1180 1764 remisit
1191 1705 1225 1764 et
1239 1700 1405 1786 quietum-

351 1799 507 1865 clamavit
536 1800 578 1864 de
608 1820 646 1865 eo
677 1803 711 1864 et
739 1799 926 1865 hoeredibus
955 1801 1031 1880 suis,
1062 1801 1169 1865 eidem
1202 1801 1346 1867 Roberto
1369 1807 1404 1868 et

352 1900 538 1967 haeredibus
553 1901 621 1964 suis
636 1901 672 1964 in
688 1905 890 1987 perpetuum.
937 1900 984 1966 Et
996 1893 1064 1987 'pro
1085 1902 1149 1970 hac
1171 1904 1403 1989 recognitione,

352 2003 550 2082 remissione,
591 2001 906 2087 quieta-clemencia,
937 2002 1003 2067 fine
1035 2009 1069 2070 et
1098 2005 1279 2082 concordia,
1315 2005 1404 2070 idem

356 2105 520 2170 Robertus
542 2105 701 2170 concessit
722 2104 881 2190 praedicto
903 2103 1052 2168 Johanni
1075 2105 1270 2190 praedictum
1294 2127 1404 2172 mana·

357 2207 445 2270 rium
472 2207 513 2271 de
536 2205 699 2291 Grysmy,
734 2211 769 2271 et
800 2204 1012 2270 medietatem
1045 2207 1213 2294 praedictae
1245 2214 1405 2274 caruccae
1513 2269 1520 2283 ,

354 2313 459 2386 terrm,
478 2328 552 2372 cum
567 2306 784 2392 pertinentiis,
799 2307 836 2370 in
851 2306 1058 2393 Dytmessale
1073 2332 1080 2387 ;
1102 2308 1234 2390 scilicet,
1251 2309 1332 2376 duas
1346 2311 1404 2376 bo·

353 2415 449 2474 ratas
478 2414 582 2489 terrae,
614 2429 696 2494 quas
719 2407 878 2473 Ricardus
899 2408 988 2472 filius
1011 2407 1082 2472 Uli'
1105 2409 1223 2487 tenuit,
1247 2416 1402 2476 etonem
1516 2477 1524 2491 ,

354 2513 511 2576 bovatam
533 2515 638 2586 terrae,
662 2529 761 2594 quam
785 2508 946 2573 Ricardus
976 2509 1065 2574 filius
1087 2509 1262 2597 Reginaldi
1285 2515 1404 2592 tenuit,

354 2618 388 2680 et
403 2633 504 2677 unam
537 2612 692 2676 bovatam
715 2615 820 2688 terrae,
841 2630 916 2674 cum
938 2611 1157 2697 pertinentiis,
1179 2634 1279 2698 quam
1302 2615 1403 2703 Hugo

353 2714 394 2780 de
417 2713 602 2780 Middelton
633 2711 763 2790 tenuit;
793 2712 983 2777 habendum
1017 2717 1051 2778 et
1082 2715 1262 2782 tenendum
1296 2718 1403 2783 eidem

351 2815 499 2882 Johanni
533 2820 568 2880 et
597 2813 783 2881 haeredibus
814 2814 891 2894 suis,
927 2814 969 2880 de
1004 2815 1162 2901 praedicto
1195 2816 1339 2884 Roberto
1370 2827 1404 2886 et

350 2918 536 2984 haeredibus
559 2917 626 2981 suis
655 2916 693 2980 in
713 2921 929 3002 perpetuum
951 2916 1099 2982 faciendo
1114 2917 1192 2983 inde
1207 2920 1403 2986 forinsecum

353 3019 534 3098 servitium,
551 3021 713 3104 quantum
728 3018 872 3104 pertinet
886 3018 930 3084 ad
952 3023 1095 3104 quatuor
1116 3026 1285 3087 carucatas
1307 3027 1403 3090 terrae

352 3127 386 3187 ct
407 3121 580 3186 dimidiam
610 3139 685 3186 cum
715 3119 932 3204 pertinentiis,
962 3119 1021 3184 ubi
1051 3121 1223 3188 tresdecim
1243 3129 1403 3191 earucatae

352 3229 448 3288 terrae
470 3221 599 3288 faciunt
621 3220 794 3286 servitium
820 3219 907 3286 feodi
937 3220 1037 3286 unius
1066 3223 1193 3302 militis,
1222 3245 1281 3310 pro
1312 3227 1403 3291 omni

355 3324 490 3390 servitio
513 3328 548 3388 et
566 3324 758 3389 exactione:
783 3327 818 3386 et
837 3322 925 3387 idem
948 3323 1113 3388 Robertus
1136 3329 1170 3390 et
1191 3325 1337 3392 haeredes
1351 3329 1404 3394 sui

345 3425 624 3491 -warantizabant
647 3424 754 3490 eidem
775 3423 931 3501 Johanni,
950 3429 985 3489 ct
1006 3425 1192 3492 haeredibns
1219 3429 1296 3505 suis,
1321 3450 1403 3514 prae-

356 3529 483 3595 dictum
508 3526 694 3592 manerium
720 3526 761 3590 de
784 3525 945 3612 Gryseby,
969 3531 1003 3590 et
1026 3527 1197 3592 dimidiam
1220 3537 1405 3597 carucatam

353 3637 461 3713 terrae,
484 3651 559 3698 cum
585 3629 803 3716 pertinentiis,
828 3629 864 3692 in
887 3627 1104 3714 Dytmessale,
1130 3633 1405 3718 perpraedictum

357 3733 540 3809 servitium,
574 3735 692 3798 contra
733 3751 847 3796 omnes
878 3730 1029 3795 homines
1050 3731 1087 3796 in
1109 3737 1315 3820 perpetuum.
1360 3737 1406 3804 Et

355 3835 444 3900 idem
467 3834 634 3899 Robertus
656 3831 793 3913 remisit,
818 3835 852 3897 ct
879 3832 1201 3918 quietum-clamavit
1232 3836 1273 3902 de
1305 3859 1340 3903 se
1369 3843 1405 3904 et

352 3935 538 4002 haeredibus
560 3935 636 4011 auis,
659 3933 764 4000 eidem
786 3932 810 3997 J
811 3933 934 3999 ohanni
949 3940 984 4000 et
998 3933 1185 4001 haeredibus
1200 3936 1277 4015 suis,
1292 3941 1402 4004 totum

348 4041 405 4124 jus
428 4043 463 4104 et
485 4037 645 4104 clameum
669 4036 757 4121 qnod
777 4033 896 4100 habuit
918 4033 955 4100 in
978 4035 1131 4101 maneriis
1166 4035 1207 4102 de
1237 4039 1403 4128 Bysshop-

353 4147 422 4218 ton,
446 4139 634 4224 Staynton’‚
657 4136 841 4202 Sokeburn’
865 4140 900 4201 et
923 4137 1120 4218 Aukeland’‚
1145 4159 1217 4203 cum
1241 4140 1308 4204 suis
1330 4161 1403 4227 per-

353 4243 514 4321 tinentiis,
540 4241 577 4305 in
599 4239 791 4326 episcopatu
814 4237 1041 4320 Dunolmensi,
1056 4244 1092 4305 et
1117 4239 1181 4328 [in]
1207 4241 1402 4329 Rungeton’,

353 4352 387 4414 et
408 4367 476 4410 una
498 4348 652 4410 carucata
673 4347 780 4420 terrm,
795 4361 871 4408 cum
886 4341 1104 4429 pertinentiis,
1118 4363 1217 4430 quam
1239 4344 1328 4410 idem
1341 4345 1402 4411 Jo-

354 4449 482 4514 hannes
504 4447 595 4532 prius
617 4445 730 4511 tenuit
763 4443 800 4509 in
822 4444 980 4532 praedicta
1001 4443 1083 4510 villa
1112 4445 1152 4511 de
1183 4447 1399 4534 Dytmessale,

353 4556 387 4618 et
401 4549 438 4615 in
453 4548 614 4616 comitatu
637 4545 844 4625 Eboreoensi,
866 4545 903 4608 in
924 4551 1128 4633 perpetuum.
1174 4547 1219 4614 Et
1233 4551 1399 4635 praeterea,

354 4650 504 4746 praedicti
527 4649 693 4715 Robertus
715 4651 750 4713 et
772 4646 941 4714 Johannes
970 4655 1205 4730 concesserunt,
1227 4671 1287 4738 pro
1310 4673 1343 4718 se
1366 4659 1400 4720 et
