3506 5702
399 791 465 862 786
587 803 786 856 enormenu
808 799 1009 852 rminsnu
1031 801 1274 852 nusnmmsn

248 1009 374 1056 annea.
401 999 599 1074 nostrorum,
621 993 679 1079 qui
701 991 825 1078 pluries
846 1011 985 1078 regnum
1006 993 1158 1056 nostrum
1184 987 1348 1054 hostiliter
1369 992 1450 1054 sunt
1465 995 1625 1050 sareas.

401 1095 550 1184 ingressi,
586 1093 856 1182 depredationes,
893 1092 1081 1172 homicidia,
1119 1091 1280 1170 inoendie,
1318 1095 1353 1157 et
1386 1089 1452 1157 alia

401 1201 523 1265 demna
553 1196 806 1284 quamplurima,
841 1194 1068 1261 inhumaniter
1089 1192 1320 1282 perpetrando,
1349 1193 1451 1258 obsti-

401 1304 483 1367 nato
503 1299 633 1366 melitio
662 1299 785 1385 poterit
814 1297 996 1374 imminere,
1018 1294 1086 1360 nisi
1114 1295 1263 1383 ipsorum
1293 1294 1451 1382 nequities

403 1402 501 1468 eitius
522 1405 558 1466 et
578 1400 756 1488 potentius,
780 1421 855 1466 eum
884 1399 949 1465 Dei
977 1397 1155 1485 adjutorio,
1177 1397 1359 1474 resistatur,
1382 1419 1450 1464 suae

402 1502 671 1570 considerationis
692 1502 857 1568 intuitum
878 1501 1070 1589 dirigentes,
1084 1500 1128 1565 ad
1151 1499 1334 1568 subsidium
1355 1500 1450 1566 nobis

403 1625 446 1670 ex
475 1624 573 1673 eausa
601 1603 760 1692 praedieta
790 1603 986 1684 faciendum,
1009 1607 1174 1691 quatenus
1208 1603 1246 1667 in
1277 1605 1389 1670 vestra
1417 1606 1453 1668 et

404 1707 611 1793 quorundam
625 1707 854 1783 aliorumtom
868 1704 1083 1792 praelatorum
1098 1725 1198 1790 quam
1213 1703 1453 1791 religiosorum,

402 1813 438 1874 et
459 1811 652 1876 caeterorum
675 1808 717 1873 de
738 1808 823 1874 clero
845 1807 945 1874 dietae
966 1805 1146 1895 provineioe
1175 1806 1327 1872 absentia
1355 1811 1452 1893 potn-

402 1914 510 1991 erunt,
532 1909 736 1976 unanimiter
757 1914 1002 1978 eonsensenmt.
1054 1909 1111 1975 Ita
1132 1914 1253 1988 tamen,
1269 1909 1357 1994 quod
1379 1912 1449 1974 tam

401 2011 476 2098 ipsi,
499 2032 599 2098 quam
620 2011 678 2076 alii
700 2009 850 2076 declaro
878 2009 977 2079 dietae
1007 2009 1194 2098 provinciae,
1217 2010 1276 2096 qui
1305 2009 1343 2074 in
1365 2010 1453 2076 dioto

401 2112 622 2200 parliamento
652 2117 831 2200 prasentes
864 2132 933 2179 non
963 2112 1110 2191 fuerunt,
1139 2133 1249 2179 eoram
1280 2111 1384 2193 vobis,
1407 2112 1450 2177 ad

401 2214 611 2283 tractandum
633 2220 669 2281 et
686 2213 964 2282 ,ementiendum
986 2219 1098 2282 vestra
1120 2214 1316 2283 auctoritate
1350 2215 1452 2281 inter-
1527 2256 1537 2268 -

402 2319 565 2398 veniente,
589 2318 631 2385 de
653 2323 743 2385 eerto
765 2317 912 2384 subsidio
935 2317 1040 2397 nobie,
1062 2323 1101 2384 ut
1123 2317 1347 2404 praemittitur,
1370 2316 1450 2382 faei-
1502 2315 1504 2318 ’

401 2421 496 2502 endo,
512 2421 548 2486 in
562 2420 633 2486 loeo
648 2420 760 2488 debito
774 2425 1003 2490 eonvoeentur.
1046 2420 1114 2487 Vos
1128 2419 1232 2508 igitur
1247 2419 1452 2506 requirimus,

401 2543 476 2588 oum
505 2522 636 2601 affeetu,
657 2529 821 2610 quatenus
851 2543 964 2590 omnes
995 2521 1157 2610 praelatos,
1188 2527 1258 2588 tam
1281 2521 1451 2610 religiosos

402 2646 503 2711 quam
524 2625 614 2704 alios,
638 2631 838 2712 oaeterosque
862 2624 904 2690 de
926 2626 1011 2692 olero
1033 2623 1211 2713 provinoiae
1242 2624 1447 2712 supradicte,

402 2727 490 2812 quod
513 2727 582 2793 sint
611 2747 719 2793 eoram
741 2727 836 2793 vobis
865 2728 954 2814 apud
984 2726 1176 2806 Eboracum,
1199 2749 1220 2792 a
1241 2725 1295 2792 die
1318 2726 1451 2794 Pasehae

401 2827 553 2915 proximo
574 2828 688 2894 fretum
709 2828 747 2893 in
767 2850 872 2895 unum
895 2849 1040 2896 mensem
1063 2829 1106 2894 ad
1127 2827 1291 2907 ultimum,
1308 2828 1352 2895 ed
1365 2832 1450 2894 trae-

401 2930 541 2997 tandum
564 2930 601 2996 in
622 2935 734 2996 vestra
755 2931 988 3017 praesentia,'et
1008 2953 1076 2998 una
1095 2930 1267 2997 vobiscum
1288 2931 1452 3000 eonsenti-

403 3031 533 3115 endum,
564 3052 661 3120 super
694 3033 840 3098 subsidio
876 3037 1066 3116 memorato,
1101 3033 1274 3101 oonvoeari
1311 3032 1450 3116 faciatis,

402 3137 603 3221 apponentes
636 3155 731 3221 opem
764 3138 799 3200 et
830 3155 962 3222 operam
996 3133 1150 3215 effieaaes
1173 3139 1214 3202 ut
1242 3157 1303 3223 pro
1332 3157 1450 3224 guerra

402 3243 516 3303 nostra
538 3235 698 3323 praedieta
712 3237 756 3303 ad
777 3257 922 3324 praesens
937 3243 1125 3325 competens
1146 3237 1330 3304 subsidium
1354 3239 1451 3306 nobis

402 3337 471 3404 fiat.
530 3337 705 3405 Mittemus
737 3343 849 3405 autem
882 3339 927 3405 ed
960 3361 1029 3419 vos,
1050 3339 1094 3405 ad
1127 3340 1214 3406 diem
1252 3341 1447 3427 praedictum

402 3439 560 3525 quosdam
591 3441 633 3507 de
662 3439 797 3508 oonsilio
827 3446 947 3521 nostro,
969 3441 1013 3506 ad
1042 3442 1284 3529 responsionem
1306 3447 1451 3510 vestram

402 3561 499 3629 super
514 3542 603 3609 dioto
617 3542 773 3621 subsidio,
788 3540 901 3609 nostro
923 3543 1065 3625 nomine,
1080 3543 1290 3625 audiendum,
1307 3550 1342 3612 et
1355 3544 1451 3611 nobis

401 3644 612 3727 postmodum
634 3644 876 3731 reportandum.
922 3646 1020 3712 Teste
1043 3647 1177 3734 meipso,
1202 3648 1290 3735 apud
1321 3647 1450 3725 Lineol-

402 3744 501 3824 niam,
518 3745 598 3831 xvj0.
613 3744 667 3811 die
691 3745 869 3827 Februarii,
885 3767 973 3814 anno
995 3748 1089 3837 regni
1111 3750 1216 3816 nostri
1238 3749 1449 3816 nono—Nos

401 3845 515 3932 itaque
545 3847 787 3915 eonsiderantes
809 3850 980 3932 veraeiter,
1003 3856 1039 3917 et
1068 3851 1219 3919 intimius
1241 3853 1450 3919 advertentes

401 3947 648 4035 requisitionem
682 3949 806 4037 regiam
843 3951 1033 4038 hujusmodi
1069 3953 1212 4020 utiliteti
1248 3953 1445 4041 reipublieae,

400 4053 436 4116 et
457 4052 620 4140 praeeipue
649 4052 686 4118 in
708 4052 883 4140 partibus¹
915 4055 989 4122 istis
1010 4056 1197 4124 borealibus
1219 4079 1288 4146 prae
1309 4058 1445 4136 oaeteris,

401 4154 564 4239 expedire,
583 4160 683 4243 prout
711 4155 749 4220 in
770 4156 894 4248 eisdem
916 4158 1066 4245 partibus
1092 4180 1211 4247 urgens
1233 4161 1268 4226 in
1290 4160 1446 4248 praesenti

400 4257 583 4337 necessitas,
600 4256 814 4324 etdietorum
829 4258 1036 4327 inimieorum
1051 4267 1237 4329 nostrorum
1259 4284 1348 4330 saeva
1368 4262 1446 4328 faei-

400 4376 482 4423 nora
503 4357 569 4425 hiis
590 4359 706 4427 diebus
728 4361 954 4430 inhumaniter
975 4368 1171 4451 perpetrata,
1187 4366 1276 4453 quod
1298 4365 1447 4432 dolenter

400 4457 580 4543 referimus,
602 4461 826 4544 manifestant,
850 4466 907 4552 (de
929 4487 1069 4553 quorum
1093 4467 1194 4534 etiam
1219 4467 1449 4536 invasionibus

751 4705 758 4736 ¹
771 4705 903 4774 persea]
917 4707 996 4772 pua
1007 4707 1033 4759 o
1043 4691 1118 4763 uss
