3562 5710
502 835 701 884 anorsrnuu
724 833 928 884 namuurum
950 835 1191 888 nunnmnnsn.
1287 821 1373 887 1035

153 1036 310 1092 munuca
323 1023 445 1090 honore
467 1027 502 1089 et
523 1023 691 1090 commodo
722 1025 843 1102 nostro,
866 1043 904 1089 ac
935 1022 1039 1087 totius
1073 1023 1165 1109 regni
1197 1022 1311 1100 nostri,
1342 1025 1376 1088 et
1406 1038 1527 1083 aaran.

324 1127 436 1204 vestri,
460 1125 615 1206 utilitate,
642 1124 795 1213 expedire
833 1122 1190 1203 videritiaeffioaciter
1224 1125 1379 1202 laborare,
1429 1101 1498 1144 ΗΜ

324 1228 475 1294 volumus
506 1227 594 1294 enim
617 1227 706 1313 quod
728 1248 788 1292 vos
820 1226 1025 1303 coabbates,
1049 1227 1221 1313 caeterique
1251 1226 1379 1313 praelati

325 1354 362 1396 ac
385 1332 502 1411 clerus,
521 1330 671 1396 dioecesis
686 1334 815 1411 vestrae,
832 1335 937 1396 certos
958 1335 1188 1416 procuratores,
1212 1331 1255 1395 ad
1277 1331 1379 1394 inter-

324 1433 496 1500 essendum
529 1453 589 1518 pro
613 1433 707 1497 vobis
740 1437 774 1497 et
805 1433 884 1519 ipsis
906 1432 1124 1520 parliamento
1144 1437 1267 1509 nostro,
1290 1433 1379 1517 quod

324 1536 360 1600 in
383 1535 477 1601 brevi
499 1534 722 1600 inchoandum
746 1539 804 1613 est,
826 1535 912 1601 sicut
934 1535 1033 1614 scitis,
1057 1541 1092 1602 et
1125 1536 1161 1600 in
1183 1557 1248 1620 quo
1281 1555 1379 1619 super

324 1637 412 1703 dicto
445 1637 578 1724 negotio
609 1637 697 1722 quod
734 1637 897 1723 praecipue
935 1637 1057 1703 insidet
1087 1636 1183 1702 nobis
1215 1635 1306 1702 cordi
1337 1634 1379 1700 de

324 1739 458 1807 oonsilio
481 1743 675 1826 magnatum
691 1744 725 1804 et
739 1760 908 1825 procerum
922 1741 1014 1826 regni
1037 1739 1151 1816 nostri,
1167 1739 1379 1825 proponimus

325 1842 484 1918 ordinare,
499 1862 574 1904 cum
590 1840 751 1906 sufficenti
774 1847 937 1928 potestate
956 1843 1026 1930 [ad]
1045 1840 1255 1908 tractandum
1270 1840 1379 1905 nobis-

325 1965 408 2023 cum,
433 1948 564 2008 etcum
587 1943 733 2029 praelatis
764 1949 798 2009 et
820 1946 1031 2031 magnatibus
1065 1945 1145 2010 dicti
1168 1945 1261 2031 regni
1284 1964 1381 2028 super

325 2047 390 2112 hiis
404 2067 478 2132 quae
498 2046 540 2110 de
562 2045 651 2112 dicto
672 2047 805 2133 negotio
821 2053 855 2112 et
878 2047 951 2112 aliis
966 2046 1002 2111 in
1023 2047 1136 2112 eodem
1163 2045 1380 2132 parliamento

325 2148 566 2228 tractabuntur,
603 2152 639 2213 et
669 2148 792 2213 eisdem
833 2148 1113 2226 consentiendum,
1150 2153 1249 2235 prout
1278 2148 1380 2225 decet,

326 2249 583 2329 transmittatis3
606 2255 641 2315 et
670 2271 730 2315 nos
751 2250 854 2314 vestri
878 2256 912 2314 et
933 2251 1079 2337 ipsorum
1113 2250 1380 2336 comparitionem
1511 2330 1515 2336 ι

327 2351 529 2440 personalem
553 2351 591 2415 in
605 2350 696 2418 dicto
718 2352 943 2437 parliamento,
960 2354 1002 2418 ob
1024 2373 1155 2420 oausam
1178 2351 1380 2438 praedictam,

328 2455 447 2520 habere
470 2452 623 2520 volumus
645 2458 845 2535 excusatam,
869 2454 1028 2540 vobisque
1061 2455 1264 2542 injungimus
1294 2455 1380 2541 quod

328 2557 433 2621 dictos
470 2555 614 2637 abbates,
638 2560 835 2642 caeterosque
867 2557 1019 2642 praelatos
1051 2557 1231 2643 praedictos,
1254 2557 1381 2622 faciatis

329 2679 426 2745 super
440 2658 511 2738 hoc,
527 2663 626 2744 prout
641 2658 742 2740 decet,
758 2664 792 2724 et
814 2660 969 2746 expedire
991 2660 1158 2737 videbitis,
1181 2660 1380 2745 praemuniri.

328 2761 425 2827 Teste
465 2761 600 2846 meipso,
621 2760 711 2847 apud
745 2761 898 2850 Langele,
930 2762 989 2828 ix0.
1021 2761 1074 2826 die
1108 2761 1269 2843 Januarii,
1294 2783 1380 2826 anno

328 2865 422 2952 regni
444 2863 550 2929 nostri
573 2867 698 2929 octavo.

331 3107 400 3157 Brev
356 3119 472 3170 rerepro
485 3105 590 3168 steph
670 3062 860 3138 Edwardus‚
876 3062 940 3128 Dei
969 3063 1085 3148 gratia,
1110 3067 1178 3141 etc,
1200 3061 1441 3128 venerabilia
1394 3082 1525 3194 pptppssa
1507 3137 1534 3178 uc

331 3174 406 3224 ΜΕ
426 3171 544 3237 Muuleye
560 3173 591 3222 de
623 3165 660 3228 in
683 3163 815 3230 Christo
838 3165 933 3251 patri,
956 3165 1106 3243 Ricardo,
1129 3166 1242 3231 eadem
1264 3166 1417 3253 gratiam
1403 3185 1488 3236 ιιιιρι

331 3255 371 3290 ²⁰⁵
371 3247 452 3304 pecta
624 3267 773 3353 episeopo
821 3235 1542 3378 Dunolmensi,salutem.Qu1aiid¹c⁸¹¹‘¹
1609 3319 1615 3328 .
1653 3271 1665 3293 ·

331 3373 519 3459 Stephanus
562 3371 602 3437 de
650 3369 813 3454 Mauleye,
854 3391 943 3434 nuno
985 3391 1124 3456 persona
1161 3370 1303 3436 ecclesiae
1341 3371 1382 3434 de
1395 3335 1534 3438 irruisse-(¹⁰

331 3475 508 3563 Hoghton'‚
532 3471 712 3557 sequitur
702 3492 738 3535 rn
761 3470 851 3534 ouria
872 3475 994 3549 nostra,
1017 3492 1124 3537 eoram
1139 3471 1319 3537 baronibus
1341 3473 1382 3538 de

331 3577 498 3644 Scaooario
540 3578 661 3651 nostro,
704 3594 818 3638 versus
860 3573 1056 3659 magistrum
1093 3574 1306 3661 Radulphum
1343 3575 1384 3640 de

330 3679 499 3758 Holbech’,
523 3676 688 3762 Rogerum
719 3675 750 3739 le
775 3673 883 3756 Olerc’,
907 3676 1169 3760 praebendarium
1203 3676 1243 3742 de
1276 3676 1383 3765 Lang-

236 3775 238 3779 ’
332 3783 434 3858 cestr’,
449 3780 665 3845 Laurentium
689 3777 729 3842 de
744 3776 913 3855 Holbech',
937 3783 971 3843 et
985 3779 1180 3866 magistrum
1202 3781 1383 3850 Robertum

332 3887 373 3950 de
397 3881 543 3962 Baldok'‚
568 3885 755 3947 executores
777 3881 968 3945 testamenti
990 3882 1139 3969 magistri
1163 3882 1320 3948 Willelmi
1343 3884 1384 3950 de

251 4015 255 4020 ·
335 3987 458 4053 Sancto
474 3982 649 4069 Botulpho,
666 3981 792 4048 dudum
814 4003 961 4069 personae
984 3984 1125 4050 ecclesiae
1147 3985 1321 4073 praedictee,
1344 3987 1385 4053 de

331 4089 452 4176 placito
474 4087 563 4174 quod
592 4087 718 4151 dictum
741 4084 947 4171 Stephanum
969 4087 1160 4173 acquietent
1189 4110 1303 4155 versus
1324 4111 1384 4154 nos

335 4192 376 4257 de
410 4189 491 4275 xiiij.
507 4188 551 4267 lt,
575 4208 649 4273 quae
671 4186 765 4253 nobis
799 4187 962 4253 debentur
984 4189 1025 4254 de
1064 4190 1197 4256 ecclesia
1218 4191 1386 4278 praedicta,

217 4361 219 4365 ,
332 4293 373 4358 de
395 4289 542 4358 subsidio
564 4289 749 4356 medietatis
772 4289 904 4355 domino
927 4291 1098 4372 Eduardo,
1121 4295 1285 4380 qnondam
1316 4296 1386 4382 regi

337 4395 479 4483 Angiiae,
502 4393 591 4481 patri
605 4398 725 4470 nostre,
740 4414 762 4459 a
783 4391 868 4457 clero
891 4392 926 4456 in
949 4394 1140 4481 episcopatu
1162 4396 1386 4478 Dnnolmensi,

336 4521 424 4566 anno
445 4497 540 4584 regni
570 4496 622 4562 sui
644 4495 748 4581 xxiij,
770 4513 927 4574 concesso,
949 4501 983 4561 et
997 4499 1188 4584 praedictam
1218 4500 1385 4568 ecclesiam

334 4603 556 4687 contingente,
577 4599 619 4665 de
641 4603 787 4686 tempore
810 4620 875 4685 quo
904 4599 993 4665 idem
1015 4602 1170 4689 magister
1199 4604 1383 4671 Wiilelmus

334 4705 400 4770 fuit
433 4723 570 4791 persona
603 4701 744 4769 ecelesiae
775 4701 950 4787 praedicta,
984 4709 1019 4768 et
1051 4726 1148 4791 super
1181 4705 1241 4774 hoc
1274 4713 1383 4795 partes
