3506 5702
498 845 696 898 nsmsramr
719 845 921 900 niniuuuu
943 824 1183 900 nuunnunusn.
1305 837 1367 900 801

148 1059 305 1113 suemus,
318 1029 393 1125 post
414 1021 510 1126 cujus
532 1045 680 1120 mortem,
703 1043 863 1129 praefatus
893 1043 1065 1128 episcopus
1099 1041 1226 1108 dictum
1259 1041 1368 1130 hospi·
1397 1064 1519 1112 annus.

318 1141 393 1219 taio,
414 1163 490 1208 eum
525 1142 743 1230 pertinentiis,
767 1144 906 1223 seisivit,
928 1149 963 1210 et
996 1144 1080 1209 illud
1112 1144 1203 1209 dedit
1236 1145 1367 1210 cuidam

316 1241 464 1308 Johsnni
487 1245 528 1310 de
551 1245 700 1328 Horton’,
724 1246 849 1313 vicario
871 1246 913 1310 de
935 1246 1075 1331 Akleye,
1092 1247 1150 1332 qui
1172 1245 1271 1312 modo
1285 1247 1366 1312 illud

316 1348 419 1423 tenet,
434 1352 468 1411 et
491 1347 600 1412 exitus
622 1353 659 1413 et
681 1349 827 1435 expietis
842 1347 920 1413 inde
934 1347 1074 1436 percipit
1096 1369 1155 1434 per
1177 1348 1367 1434 hujusmodi

316 1447 581 1534 occupationem
603 1455 638 1514 et
661 1450 839 1528 sciendum,
861 1451 949 1537 quod
972 1449 1062 1515 vaist
1095 1472 1299 1536 perannum
1329 1451 1365 1514 in

315 1549 468 1613 omnibus
490 1549 644 1628 exitibus,
662 1553 763 1638 juxta
777 1573 892 1617 verum
908 1551 1062 1628 valorem,
1077 1558 1210 1617 centum
1234 1551 1362 1632 solidos,

315 1671 373 1736 pro
411 1652 531 1736 quibus
565 1657 675 1719 custos
711 1654 858 1738 ejusdem
895 1653 1067 1741 hospitalis
1104 1654 1201 1720 debet
1238 1653 1362 1718 ibidem

315 1752 431 1818 divina
452 1753 625 1835 celebrare,
648 1756 700 1821 vei
732 1777 837 1822 unum
870 1756 1071 1822 sacerdotem
1100 1755 1224 1822 ibidem
1247 1757 1362 1820 missas

313 1854 541 1934 celebrantem,
575 1856 617 1921 ad
644 1861 756 1923 custus
794 1878 870 1922 suos
902 1858 1061 1938 invenire,
1096 1879 1155 1943 pro
1189 1857 1361 1922 animabus

314 1962 553 2023 antecessorum
576 1961 724 2046 praedioti
739 1960 905 2026 Iohannis
927 1959 967 2024 de
984 1960 1132 2038 Balliolo,
1146 1959 1360 2026 fundatorum

205 2140 207 2148 Α
314 2059 458 2145 ejusdem
481 2061 550 2126 loci.
597 2061 751 2127 Inveniet
774 2063 874 2126 etiam
897 2061 986 2126 idem
1015 2065 1127 2126 custos
1148 2059 1361 2125 tribusdecim

312 2162 509 2250 pauperibus
533 2163 655 2227 ibidem
677 2163 955 2228 commorantibus
978 2163 1150 2248 potsgium
1173 2167 1208 2226 et
1230 2163 1362 2248 ignem3

313 2269 348 2327 et
370 2263 499 2329 nullum
521 2265 728 2330 commodum
752 2265 885 2330 domino
912 2265 982 2351 regi
1017 2264 1058 2329 de
1089 2263 1257 2350 praedictis
1287 2265 1362 2330 hos-

313 2363 408 2449 pitali
430 2370 465 2430 et
487 2366 619 2451 capelia,
643 2367 707 2431 nisi
730 2371 863 2432 tantum
886 2367 1060 2432 advocatio
1084 2367 1269 2432 eorundem.
1316 2367 1361 2430 Et

313 2467 428 2531 dicunt
460 2469 547 2554 quod
584 2469 746 2535 Robertus
780 2469 928 2555 'Ireyver
964 2475 1057 2534 tenet
1088 2490 1191 2535 unum
1230 2459 1359 2533 feodum

312 2569 434 2635 militis.
481 2569 577 2650 Item,
602 2571 795 2658 Raduiphus
819 2572 958 2657 Surtcys
980 2575 1072 2636 tenet
1096 2592 1199 2636 unum
1226 2571 1357 2635 feodum

312 2670 435 2734 militis.
482 2671 576 2746 Item,
599 2672 730 2738 Denton
754 2679 788 2738 et
820 2673 973 2761 Egliston
1005 2673 1127 2739 debent
1161 2693 1263 2737 unum
1291 2673 1358 2736 feo-

312 2771 390 2837 dum
421 2772 543 2838 militie.
597 2774 692 2852 Item‚
714 2775 832 2840 Bolum
864 2781 898 2840 et
921 2775 1072 2862 Sledwys
1101 2775 1223 2840 debent
1253 2795 1356 2839 unum

311 2872 442 2938 feodum
464 2874 588 2940 militis.
635 2875 731 2953 Item,
745 2877 924 2943 Alwenton
940 2883 974 2942 et
990 2877 1119 2942 Hetton
1142 2883 1178 2942 et
1199 2877 1357 2941 medietas

312 2977 351 3039 de
371 2975 575 3042 Somerhous'
592 2978 712 3043 debent
734 2979 801 3043 tria
816 2981 983 3064 quarteria
1005 2979 1104 3043 unius
1118 2978 1213 3044 feodi.
1259 2978 1354 3058 Item,

310 3078 414 3142 altera
429 3079 587 3144 medietas
609 3079 651 3144 de
666 3081 870 3146 Somerhous'
890 3081 990 3146 debet
1004 3087 1077 3147 octo
1098 3086 1208 3165 partes
1226 3079 1353 3167 [unius]

309 3179 403 3244 feodi.
450 3180 545 3258 Item,
577 3183 764 3247 Beroaldus
786 3185 827 3248 de
857 3184 1019 3270 Langton’
1046 3185 1138 3248 tenet
1161 3181 1219 3266 xij.
1244 3186 1355 3268 partes

311 3281 409 3345 unius
442 3281 539 3347 feodi.
595 3283 689 3360 Item,
722 3283 914 3371 Radulphus
948 3285 989 3349 de
1023 3284 1140 3349 Cotom
1175 3287 1267 3348 tenet
1298 3283 1355 3366 xij.

310 3388 419 3468 partes
451 3386 548 3449 unius
569 3385 664 3450 feodi.
710 3385 806 3464 Item,
828 3387 945 3451 Petrus
975 3385 1016 3450 de
1046 3385 1154 3470 Tyrez
1181 3390 1274 3450 tenet
1297 3385 1355 3471 xij.
1418 3439 1423 3450 .
1471 3440 1476 3452 .

309 3491 418 3570 partes
441 3487 539 3551 unius
572 3487 695 3574 feodi·
724 3487 819 3566 Item,
844 3487 952 3551 Guido
979 3487 1020 3550 de
1043 3485 1240 3550 Graunsard'
1264 3490 1357 3550 tenet

308 3587 364 3672 xij.
396 3593 506 3674 partes
528 3587 627 3652 unius
660 3588 756 3653 feodi.
803 3589 896 3664 Item,
921 3588 1037 3666 Simon
1067 3585 1233 3652 Falconar’
1263 3590 1356 3652 tenet

308 3695 449 3774 quatuor
464 3695 573 3780 partes
588 3689 687 3755 unius
708 3689 804 3755 feodi.
853 3690 946 3766 Item,
961 3690 985 3755 J
987 3688 1131 3754 ohannes
1146 3688 1187 3754 de
1203 3689 1353 3770 Hedlom,

307 3791 387 3876 xxij.
422 3797 531 3876 portes
565 3792 664 3855 unius
685 3791 782 3856 feodi.
829 3791 923 3870 Item,
950 3791 1059 3856 Adam
1093 3791 1135 3856 de
1167 3792 1353 3880 Hyndeley,

308 3893 413 3976 xxiiij.
435 3897 543 3977 partes
566 3892 664 3958 unius
686 3892 779 3958 feodi.
828 3891 923 3970 Item,
945 3893 1140 3979 Ingeramus
1155 3893 1196 3958 d's
1217 3892 1354 3958 Belliolo

307 3998 402 4057 tenet
434 3991 559 4057 Daiton
592 4017 651 4080 pro
685 3993 937 4080 iiij.pa1tibus¹
973 3996 1073 4060 unius
1106 3994 1201 4060 feodi.
1259 3995 1353 4074 Item,

309 4093 483 4160 Gocelinus
506 4094 547 4158 de
571 4094 760 4177 Westewik,
776 4096 833 4181 xij.
856 4101 966 4182 partos
988 4097 1088 4160 unius
1113 4095 1207 4161 feodi.
1259 4095 1353 4173 Item,

308 4194 508 4259 Herteburn'
532 4195 631 4260 debet
652 4197 708 4282 xij.
731 4202 841 4282 partes
863 4197 962 4262 unius
982 4197 1078 4265 feodi
1135 4196 1231 4279 Item,
1254 4197 1353 4284 Hugo
1399 4241 1400 4244 =

307 4297 348 4361 de
371 4295 560 4374 Lillesorth',
576 4297 634 4384 xij.
658 4302 766 4384 partes
788 4299 887 4363 unius
908 4299 1002 4366 feodi.
1049 4298 1091 4363 In
1112 4297 1204 4383 eujus
1226 4299 1273 4364 rei
1289 4303 1353 4364 tes-

306 4397 490 4481 timonium,
514 4397 592 4464 huic
623 4399 829 4484 inquisitioni
857 4399 1007 4485 praedicti
1033 4399 1147 4486 jurati,
1170 4398 1268 4465 dictis
1290 4401 1352 4480 die,

306 4499 374 4565 loco
398 4504 550 4578 stanno,
574 4501 683 4589 sigilla
707 4523 767 4566 sua
788 4501 1236 4588 apposuerunt.-Praetextu
1258 4503 1351 4588 cujus

304 4603 539 4686 inquisitionis,
573 4603 682 4669 dictus
716 4604 881 4671 Robertus
916 4604 957 4670 de
979 4603 1124 4671 Olifford’
1147 4610 1256 4671 custos
1289 4609 1348 4672 etc.

648 4833 655 4864 ¹
669 4833 801 4900 partibus]
816 4843 897 4899 partes
909 4835 934 4884 in
947 4835 1002 4886 MS.

398 4927 475 4977 VOL.
500 4928 536 4977 11.
1207 4931 1220 4980 I
