3566 5712
393 799 480 863 1004
577 811 777 864 aaarsraau
800 774 1001 864 nunrrnnu
1023 811 1265 864 nnnmnnsn

242 1014 365 1060 aaran.
392 999 605 1086 supradictos,
627 1003 663 1063 et
691 999 733 1064 ad
763 999 888 1065 dietum
919 1003 1062 1064 nastrum
1092 1003 1241 1065 nostrum
1264 999 1613 1072 resaucionssaanprm

391 1101 480 1178 dum,
503 1107 543 1166 ut
573 1105 624 1165 est
656 1100 791 1179 dictum,
814 1106 912 1186 prout
938 1102 985 1166 eis
1020 1106 1100 1168 tuna
1131 1123 1175 1167 ex
1204 1107 1298 1188 parta
1329 1107 1444 1166 nostra

393 1202 522 1289 planius
553 1201 754 1288 injungetur.
814 1202 860 1267 Et
897 1203 966 1280 hoo,
1003 1202 1090 1268 sicut
1120 1224 1180 1268 nos
1212 1209 1247 1268 et
1283 1203 1441 1268 honorem

392 1309 550 1382 nostrum,
583 1327 620 1370 aa
652 1303 868 1370 salvationem
902 1303 983 1370 dieti
1022 1304 1121 1369 castri
1144 1305 1257 1383 nostri,
1291 1304 1442 1390 diligitis,

391 1405 497 1470 modis
519 1406 671 1471 omnibus
692 1405 827 1470 faciatis.
885 1405 983 1471 Teste
1019 1405 1151 1490 meipso,
1182 1405 1270 1492 apud
1308 1404 1443 1471 Novum

393 1507 638 1586 Monasterium,
676 1507 796 1592 xxvijo.
835 1507 889 1572 die
935 1507 1025 1586 Maii,
1070 1527 1157 1574 anno
1201 1507 1294 1593 regni
1336 1507 1444 1574 nostri

392 1609 539 1694 septimo.

224 1773 364 1868 Queat
392 1799 658 1864 ameprosophano
735 1759 927 1838 Edwardus,
961 1760 1024 1824 Dei
1058 1761 1174 1846 gratia,
1212 1781 1272 1825 rex
1302 1759 1443 1846 Angliae,

227 1835 353 1926 amsi}
392 1867 423 1917 de
442 1867 514 1916 Maro
530 1867 610 1928 Lacu,
627 1867 658 1917 de
691 1860 844 1926 dominus
875 1861 1056 1941 Hiberniae,
1084 1867 1118 1928 at
1148 1863 1219 1927 dux
1241 1861 1444 1947 Aquitaniae,

225 1924 363 2068 ἓξὲξ
392 1934 584 1996 supenedendo.
691 1961 873 2027 venerabili
911 1963 946 2026 in
985 1963 1118 2028 Christo
1154 1963 1253 2049 patri,
1292 1963 1443 2043 Ricardo,

224 2065 506 2174 ffissffldffldem
543 2064 658 2151 gratia,
696 2063 913 2128 Dunolmensi
950 2064 1108 2150 episeopo,
1146 2064 1295 2130 satutem.
1355 2064 1444 2143 Quia

225 2173 345 2218 tantm
392 2165 581 2250 Stephanus
613 2166 653 2230 de
685 2165 773 2230 Maio
812 2164 900 2230 Lanu
937 2166 1094 2249 sequitur,
1127 2166 1163 2230 in
1195 2167 1285 2231 ouria
1320 2171 1443 2242 nostra,
1547 2185 1552 2196 ’

224 2235 372 2367 ffihjhffi
392 2288 500 2333 eoram
534 2267 711 2332 baronibus
743 2266 783 2330 de
816 2266 982 2332 Soaaoario
1015 2273 1136 2344 nostro,
1159 2289 1272 2332 versus
1299 2267 1443 2331 Lauron-

224 2335 374 2423 wbsshim
391 2368 475 2434 tium
500 2368 542 2433 de
564 2367 742 2444 Holbeohe,
759 2366 953 2452 magistrum
975 2367 1186 2452 Radulphum
1202 2368 1242 2432 de
1265 2366 1442 2442 Holbeahe‚

225 2424 585 2556 rorrmmamagistmm
610 2469 791 2534 Robertum
806 2468 847 2532 de
869 2467 1015 2545 Baldok’,
1031 2473 1066 2533 et
1082 2469 1246 2556 Rogarum
1270 2469 1300 2534 le
1324 2467 1443 2546 Clerk',

391 2571 654 2656 praebendarium
677 2570 718 2634 de
742 2569 938 2654 Langoestr‘,
952 2575 1141 2635 executores
1164 2571 1355 2636 testamenti
1374 2591 1444 2634 ma-

392 2673 489 2758 gistri
513 2671 670 2737 Willelmi
693 2672 733 2735 de
768 2671 890 2735 Sancto
924 2670 1099 2758 Botulpho‚
1130 2671 1171 2736 do
1202 2673 1323 2757 placito
1355 2671 1445 2756 quod

392 2774 589 2859 praedictum
627 2773 833 2859 Stephanum
878 2773 1067 2857 acquietent
1104 2773 1145 2838 do
1187 2774 1269 2859 xliij.
1283 2773 1328 2850 li,
1369 2795 1444 2858 quae

394 2874 488 2938 nobis
511 2875 673 2939 debentur
704 2874 744 2939 de
778 2873 912 2940 ecelesia
944 2874 985 2940 de
1017 2875 1194 2961 Hoghton',
1223 2875 1264 2939 de
1295 2873 1442 2938 subsidio

394 2974 582 3040 medietatis
619 2975 767 3066 domino,
783 2975 955 3054 Eduardo,
990 2977 1156 3060 quondam
1193 2977 1263 3062 regi
1301 2976 1441 3062 Angliae,

393 3077 480 3164 patri
504 3081 624 3152 nostro,
647 3098 668 3140 a
690 3076 775 3142 clero
790 3077 826 3140 in
847 3077 1035 3164 episcopatu
1057 3079 1221 3165 praedicto,
1244 3099 1332 3142 anno
1346 3078 1441 3164 regni

394 3177 498 3262 ipsius
522 3177 625 3264 patris
639 3178 744 3243 nostri
767 3174 890 3261 xxiij⁰.,
906 3200 1063 3259 concesso,
1079 3185 1113 3244 et
1136 3180 1327 3266 praedictam
1342 3180 1441 3244 eoele-

394 3279 477 3343 siam
500 3279 719 3366 oontingante,
733 3279 784 3344 ae
807 3284 954 3364 tempore
975 3300 1040 3365 quo
1070 3281 1156 3345 idern
1179 3282 1335 3367 magister
1358 3279 1441 3345 Wil-

392 3379 509 3444 lelmus
539 3378 605 3444 fuit
636 3400 773 3466 persona
803 3379 945 3445 eeclesiae
979 3381 1164 3466 praediotae3
1197 3388 1232 3446 et
1254 3403 1351 3468 super
1379 3383 1442 3447 hoo

391 3485 502 3566 partes
523 3479 649 3546 habent
671 3481 758 3545 diem
780 3481 816 3544 in
831 3481 972 3547 crastino
996 3482 1110 3548 Sancti
1134 3483 1324 3564 Michaelis3
1346 3485 1442 3550 vobis

295 3653 296 3657 Ἰ
391 3582 593 3658 mandamus,
609 3581 696 3666 quod
719 3582 913 3646 domandam
936 3603 1035 3667 quarn
1058 3584 1166 3650 faoitis
1189 3585 1344 3671 praedicto
1368 3585 1441 3650 Ste-

391 3681 508 3768 phano
531 3673 612 3768 'pro'
636 3683 802 3768 praediotis
839 3683 922 3769 xliij.
936 3682 984 3766 lt,
1018 3687 1148 3771 ponatis
1185 3687 1220 3750 in
1257 3693 1441 3774 respectum

391 3804 494 3868 usqua
526 3783 613 3847 diem
636 3784 884 3868 supradicturn3
915 3789 949 3849 et
981 3791 1195 3870 sequestrum,
1225 3789 1253 3852 si
1285 3789 1373 3874 quod
1405 3790 1441 3852 in

392 3884 488 3948 bonis
503 3889 537 3948 et
551 3884 718 3949 beneficiis
741 3885 966 3951 ecclesiasticis
987 3888 1092 3972 ipsius
1113 3887 1273 3974 Stephani
1289 3912 1328 3955 ea
1349 3912 1441 3956 onca-

392 3985 482 4050 aione
506 3985 628 4071 apponi
656 3984 808 4064 feceritis,
838 3987 973 4052 interim
1003 3989 1143 4054 relaxari
1165 3991 1294 4056 faciatis
1324 3992 1439 4058 eidem.

393 4088 498 4164 Teste,
521 4086 554 4151 J.
579 4087 618 4151 de
642 4087 793 4167 Sandale,
816 4093 950 4153 tenente
977 4089 1083 4156 looum
1106 4091 1303 4158 thesaurarii
1326 4096 1440 4174 nostri,

393 4188 481 4274 apud
503 4189 839 4268 Westmonasterium‚
867 4190 987 4276 xxviju.
1020 4192 1073 4258 die
1105 4193 1195 4275 Maii,
1228 4217 1314 4260 anno
1348 4197 1441 4282 regni

393 4289 498 4354 nostri
520 4290 668 4375 septimo.

199 4455 358 4551 mppr.
393 4492 474 4542 Bm
488 4508 533 4556 pm
550 4493 575 4542 A
577 4495 609 4542 aa
625 4495 657 4544 ue
689 4511 693 4520 ,
734 4444 927 4521 Edwardus‚
964 4445 1028 4510 Dei
1065 4447 1182 4534 gratia,
1216 4470 1276 4513 rex
1301 4449 1432 4536 Angliae

224 4557 362 4660 ὲιῖὶιὲοξὲἷιῑιιιὲἒ
391 4559 657 4674 'amaneum-
690 4545 842 4610 dominus
872 4546 1052 4626 Hiberniae,
1075 4554 1109 4614 et
1140 4550 1210 4614 dux
1239 4552 1430 4637 Aquitaniae

223 4658 313 4760 puppup
690 4649 868 4713 venerabili
907 4641 951 4713 in¹
981 4649 1112 4716 Christo
1149 4653 1246 4738 patri,
1290 4655 1430 4722 Ricardo
