3564 5744
555 805 755 858 1166161661(
777 804 980 858 6161616611
1002 807 1242 870 nuuuuunrsn.
1334 794 1421 866 1067

203 997 569 1086 1111116661111111611616
599 995 727 1077 debitis,
758 997 794 1062 in
824 995 945 1084 quibus
975 997 1141 1065 Robertus
1171 997 1295 1080 Heron,
1316 1021 1422 1088 nuper
1450 1020 1572 1069 11111116

371 1121 511 1187 persona
542 1099 683 1167 ecclesiae
717 1099 758 1164 (16
790 1099 896 1177 Ford',
919 1099 1103 1178 defunctus,
1135 1103 1239 1180 nobis,
1271 1101 1325 1168 die
1358 1124 1422 1190 quo

372 1201 466 1280 obiit,
501 1203 684 1280 tenebatur,
714 1202 827 1266 omnia
856 1201 953 1282 bona,
984 1205 1055 1268 tam
1085 1203 1301 1270 ecclesiastica
1326 1227 1425 1294 quam

372 1303 545 1390 aliaque
575 1303 712 1368 fuerunt
741 1302 845 1388 ipsius
877 1302 1023 1384 Roberti,
1049 1304 1102 1370 die
1133 1304 1242 1370 obitus
1273 1307 1334 1385 sni,
1356 1313 1427 1372 tem

371 1426 430 1492 per
463 1425 531 1482 vos,
563 1425 663 1488 quam
700 1425 759 1490 per
789 1405 957 1470 ministros
972 1419 974 1424 '
991 1409 1129 1483 nostros,
1164 1407 1359 1493 sequestrari
1393 1412 1427 1474 61
1513 1467 1517 1478 .

371 1507 444 1592 capi
477 1505 744 1572 mandaverimus
777 1506 814 1570 in
843 1527 979 1573 manum
1009 1512 1166 1590 nostram,
1197 1509 1288 1574 salvo
1321 1515 1428 1578 custo-

371 1608 500 1686 dienda,
524 1629 694 1694 quousque
724 1609 773 1680 (16,
788 1606 911 1674 (16111116
938 1610 1106 1696 praedictis
1135 1610 1230 1675 nobis
1252 1614 1336 1676 esset
1359 1612 1428 1698 ple·

372 1709 463 1775 narie
497 1709 711 1788 satisfactum,
733 1731 771 1776 ac
803 1709 943 1776 dilectus
967 1712 1103 1778 clericus
1135 1717 1253 1789 noster,
1278 1712 1428 1800 Rogerus

373 1813 414 1877 de
436 1810 675 1899 Northburgh’,
700 1833 789 1878 nunc
804 1833 943 1898 persona
966 1812 1108 1879 ecelesiae
1134 1813 1311 1901 praedictae,
1333 1815 1428 1880 uobis

372 1912 614 1999 supplicaverit,
637 1918 677 1978 ut
707 1913 771 1978 sibi
801 1915 977 1980 concedere
998 1914 1140 1980 velimus
1170 1914 1258 2000 quod
1288 1935 1348 2001 pro
1370 1917 1426 1982 de-

370 2015 511 2082 fectibus
545 2013 689 2093 cancelli,
723 2015 891 2094 librorum,
914 2015 1196 2094 vestimentorum,
1228 2038 1266 2081 66
1288 2016 1426 2082 afiorum

370 2122 647 2198 ornamentorum,
669 2116 837 2203 praedictae
866 2115 1017 2194 ecclesiae,
1047 2137 1176 2183 necnon
1198 2121 1233 2183 61
1255 2117 1426 2184 domorum

369 2221 564 2307 personatus
586 2217 729 2284 ecclesiae
751 2217 851 2295 iliius,
874 2218 916 2283 de
945 2217 1065 2303 quibus
1088 2218 1194 2284 eidem
1217 2215 1353 2306 Rogmo,
1377 2243 1427 2286 se·

368 2320 517 2388 cundum
538 2320 645 2407 legem
668 2319 928 2398 ecclesiasticam,
952 2320 1105 2385 satisfieri
1127 2319 1235 2398 debet,
1252 2321 1355 2406 juxta
1375 2322 1427 2388 in·

368 2421 592 2510 quisitionem,
614 2420 814 2487 auctoritate
835 2425 955 2499 vestra,
970 2421 1012 2485 de
1034 2420 1223 2506 hujusmodi
1246 2422 1426 2490 defectibus

369 2529 509 2612 captum,
531 2527 571 2589 ut
593 2523 761 2602 asseritur,
785 2522 826 2586 (16
857 2521 952 2587 bonis
975 2526 1009 2587 et
1035 2522 1171 2600 catallis,
1194 2527 1269 2610 quae
1291 2525 1426 2591 fuerunt
1492 2551 1496 2556 ·

367 2627 472 2713 ipsius
507 2625 645 2692 Roberti
677 2623 731 2690 die
762 2623 931 2709 praedicto,
953 2625 1000 2690 616
1034 2625 1071 2688 in
1101 2645 1202 2690 manu
1232 2631 1346 2692 nostra
1368 2648 1425 2692 ex·

367 2727 554 2805 fetentibus,
577 2723 758 2792 satisfactio
782 2724 846 2789 sibi
875 2725 957 2805 fiat3
990 2746 1060 2803 nos,
1083 2726 1233 2793 volentes
1255 2728 1326 2813 ejus
1348 2750 1425 2815 sup-

284 2837 289 2842 '
369 2828 541 2917 plicationi
572 2827 609 2893 in
641 2827 704 2892 hac
737 2831 831 2913 parte
865 2825 1124 2913 condescendere
1155 2829 1307 2914 gratiose,
1330 2830 1426 2896 vobis

368 2930 571 3007 mandemus,
611 2927 700 3015 quod
736 2949 795 3012 pro
841 2926 1023 2992 defectibus
1067 2930 1214 3008 cancelli,
1256 2931 1426 3010 librorum,

368 3033 651 3108 vestimentorum,
674 3033 709 3095 et
731 3027 872 3096 aliorum
894 3033 1172 3112 omamentcrum,
1203 3031 1302 3099 dictae
1324 3034 1425 3100 eccle-

369 3135 434 3214 siae,
459 3139 494 3201 et
516 3134 687 3199 domorum
709 3135 905 3217 personatus
931 3131 1087 3217 ejusdem,
1106 3132 1207 3218 juxta
1236 3134 1424 3220 inquisitio-

357 3259 444 3303 nem
475 3235 561 3316 inde,
592 3233 792 3301 auctoritate
824 3236 941 3310 vestra,
975 3238 1125 3319 captam,¹
1149 3239 1190 3300 ut
1222 3237 1423 3321 praedicitur,

368 3337 544 3426 compertis
567 3336 609 3401 (16
639 3335 736 3402 bonis
766 3333 1000 3412 ecclesiasticis,
1030 3355 1106 3420 quae
1135 3333 1272 3402 fuerunt
1293 3337 1424 3423 praefati

370 3440 516 3517 Roberti,
540 3439 594 3504 die
616 3438 726 3504 obitus
741 3436 801 3514 sui,
824 3442 859 3502 et
882 3456 956 3520 quae
977 3436 1127 3522 perros,
1152 3437 1319 3503 occasione
1340 3461 1424 3525 prae-

369 3543 459 3610 dicta
481 3544 686 3627 sequestrata
708 3543 795 3616 sunt,
818 3537 976 3627 praedicto
1000 3537 1127 3623 Rogero
1151 3537 1205 3602 vel
1227 3538 1298 3624 ejus
1320 3545 1424 3605 attor-

368 3649 449 3711 11616
470 3644 508 3709 111
530 3643 591 3708 bac
606 3645 709 3729 parte,
724 3638 981 3706 satisfactionem
1003 3637 1185 3724 plenariam
1199 3639 1271 3705 fieri
1286 3639 1424 3710 faciatis

368 3747 528 3812 Volumus
551 3744 640 3810 enirn
663 3764 722 3808 vos
744 3742 786 3807 de
811 3761 850 3807 eo
872 3739 961 3827 quod
983 3739 1089 3806 eidem
1116 3740 1252 3827 Rogero,
1276 3743 1331 3809 vel
1353 3744 1423 3830 ejus

368 3851 537 3914 attumato
570 3845 729 3933 praedicto
759 3843 843 3910 solvi
874 3842 1017 3910 feceritis
1050 3864 1092 3907 ex
1124 3841 1185 3908 hac
1216 3864 1323 3924 causa,
1347 3867 1424 3932 erga

348 3957 428 4016 ‘nos
450 3947 599 4014 totaliter
622 3945 801 4014 exonerari.
848 3941 894 4010 Et
916 3945 945 4009 si
974 3943 1114 4010 forsitan
1135 3943 1224 4010 bona
1246 3950 1280 4010 et
1304 3947 1423 4012 catalla

369 4074 443 4139 quae
465 4051 602 4116 fuerumt
623 4047 775 4136 praedicti
797 4044 936 4110 Rcberti
958 4045 1012 4110 die
1035 4045 1201 4132 praedicto,
1215 4067 1278 4134 per¹
1297 4070 1354 4114 vos
1377 4050 1423 4114 sic

334 4141 337 4148 Δ
369 4157 582 4241 sequestrata,
611 4150 654 4218 ad
685 4149 952 4236 supplementum
981 4145 1167 4214 defectuum
1189 4147 1423 4235 praedictorum

368 4278 437 4322 non
458 4253 634 4334 sufficiant,
657 4257 739 4317 tunc
762 4250 803 4315 de
833 4269 963 4315 summa
985 4269 1060 4334 quae
1091 4249 1169 4315 inde
1199 4250 1350 4330 defuerit,
1372 4253 1423 4319 di-

368 4357 492 4426 lectum
514 4338 668 4422 clericum
682 4357 842 4432 nostrum,
857 4349 1051 4438 magistrum
1066 4351 1090 4415 J
1091 4352 1254 4418 ohannem
1276 4353 1316 4418 (16
1331 4353 1424 4422 Wes-

369 4462 445 4542 tun',
469 4456 684 4526 camerarium
714 4458 864 4548 nostrum
888 4452 1017 4532 Scotice,
1044 4453 1190 4520 reddatis
1211 4454 1368 4522 distincte
1390 4463 1424 4524 et

374 4567 497 4648 aperte,
519 4582 579 4647 per
600 4561 729 4624 vestras
751 4560 903 4644 patentes
920 4555 1046 4632 literas,
1061 4557 1239 4622 certiorem.
1286 4555 1424 4624 Manda-

369 4664 479 4730 vimus
502 4661 591 4728 enim
624 4659 730 4727 eidem
760 4657 938 4727 camerario
969 4660 1090 4740 nostro,
1114 4659 1202 4744 quod
1224 4659 1265 4725 (16
1296 4681 1423 4727 summa
