3566 5712
520 799 721 850 66666666
743 796 945 850 Parammon
968 801 1208 854 6666666666.
1325 785 1391 859 967

167 996 325 1052 sarraca
337 982 515 1070 garbarum
531 982 567 1048 in
589 983 779 1084 colligando,
795 1006 870 1072 quae
892 985 935 1052 ad
950 1007 1005 1053 xx.
1029 1007 1153 1054 marcae
1173 988 1390 1066 aestimantur,
1418 1011 1541 1058 smum.

339 1107 480 1172 quorum
503 1085 653 1152 custodia
674 1087 895 1154 committitur
918 1087 1049 1154 domino
1071 1089 1237 1156 willelmo
1259 1090 1302 1156 (16
1324 1089 1387 1154 Bo-

339 1187 425 1266 lom',
442 1187 608 1275 capellano
622 1189 799 1276 parochiali
816 1189 1033 1278 Langacestr',
1055 1189 1214 1258 Nicholao
1237 1192 1388 1272 (166616,

339 1288 381 1354 de
404 1289 525 1366 eadem
559 1289 706 1356 waltero
737 1291 913 1378 praeposito
937 1291 977 1356 (16
1008 1293 1202 1380 Langelaye,
1223 1293 1389 1359 willelmo

340 1390 381 1457 de
418 1390 629 1479 Routhbyry,
652 1393 693 1458 de
723 1392 847 1473 eadem,
877 1393 1100 1480 pereundam
1130 1395 1298 1478 decanum,
1330 1396 1388 1483 qui

340 1495 381 1560 (16
403 1491 581 1578 praemissis
604 1515 664 1560 suo
687 1495 832 1582 periculo
855 1496 1074 1583 respondebis
1121 1496 1258 1579 Datum,
1283 1502 1343 1564 etc.

336 1681 496 1790 66666,
513 1713 601 1776 ura
680 1703 874 1783 Edwardus,
912 1703 977 1770 66
1014 1705 1131 1792 gracia
1160 1726 1220 1771 rex
1245 1705 1386 1793 anglia,
1399 1707 1531 1805 pjp·

336 1781 419 1831 nendo
458 1794 601 1844 epucopum
1523 1774 1537 1806 ⁰

337 1846 535 1910 pervasiones
552 1845 600 1896 sal-
633 1807 785 1873 dominus
839 1807 1018 1886 Hiberniae,
1071 1809 1142 1873 dux
1186 1809 1386 1895 Aquitaniae,
1399 1811 1527 1906 jhgffl

319 1925 384 2016 'vos
394 1913 499 1979 plegios.
634 1909 819 1976 vicecomiti
835 1908 1086 1976 Northumbriae
1101 1911 1251 1976 salutem.
1297 1911 1538 2006 Ponebgjjpgu

338 2034 398 2101 par
434 2013 570 2080 vadium
609 2017 643 2078 61
681 2011 789 2078 salvos
819 2011 951 2097 plegios,
983 2011 1170 2090 Ricardum,
1201 2012 1388 2099 episcopum
1400 1973 1505 2106 jffig

339 2115 605 2195 Dunolmensam,
618 2115 668 2180 ita
683 2114 771 2199 quod
784 2112 905 2178 habeat
920 2134 1028 2178 coram
1047 2112 1242 2210 justiciariis
1257 2115 1387 2198 nostris,
1400 2113 1413 2132 ‘⁴
1425 2125 1505 2207 um'a'c'

339 2218 430 2305 apud
461 2215 801 2294 westmonasterium,
834 2214 871 2278 in
906 2215 1048 2280 crastino
1087 2215 1295 2294 Animarum,
1328 2212 1506 2316 (16-ᾗῇ),

339 2321 482 2386 hannem
516 2319 556 2384 (16
579 2318 735 2403 Horbiry,
758 2319 930 2402 personam
965 2317 1108 2382 ecclesiae
1131 2316 1171 2382 da
1196 2316 1387 2404 Horseleyc,

340 2421 493 2496 clericum
509 2441 615 2498 suum,
631 2419 675 2484 ad
689 2419 956 2505 respondendum
972 2418 996 2484 J
997 2418 1120 2483 ohanni
1143 2418 1184 2484 de
1199 2417 1387 2506 Pykering',

340 2523 465 2602 clerico,
483 2521 619 2609 juniori,
643 2521 684 2585 (16
706 2521 829 2606 placito
853 2519 940 2606 quod
962 2519 1080 2584 reddat
1103 2519 1238 2598 61111,
1261 2542 1336 2607 quae
1358 2522 1389 2587 61

340 2648 361 2691 6
382 2629 574 2702 retroeunt,
599 2624 640 2689 de
656 2643 766 2688 66666
788 2621 921 2687 redditu
936 2625 1070 2687 centum
1087 2619 1275 2702 solidorum,
1291 2644 1389 2708 quem

340 2728 371 2794 61
408 2728 513 2805 debet,
545 2732 585 2791 ut
618 2724 720 2803 dicit3
760 2731 794 2790 61
831 2725 874 2788 ad
908 2722 1150 2789 ostendendum
1184 2745 1286 2809 quare
1322 2746 1389 2790 non

340 2831 458 2896 habuit
472 2849 581 2894 coram
592 2826 788 2913 justiciariis
802 2825 932 2907 nostris,
948 2826 1036 2912 apud
1050 2826 1389 2908 westmonasterium,

340 2932 378 2996 in
400 2930 525 2997 octabis
548 2928 678 2995 Sanctae
709 2927 899 3006 Trinitatis,
922 2929 1117 3014 pradictum
1140 2927 1328 2996 Johannam
1349 2930 1390 2995 (16

340 3034 509 3119 Horbyry,
532 3031 683 3097 clericum
708 3052 814 3112 suum,
837 3030 922 3096 sicut
944 3031 974 3118 61
1006 3031 1200 3097 mandatum
1223 3031 1297 3098 fuit.
1345 3031 1390 3098 Et

341 3139 491 3205 habeatis
526 3137 574 3201 ibi
601 3135 738 3202 nomina
768 3135 960 3222 plegiorum,
984 3142 1018 3201 61
1038 3137 1100 3202 hoc
1131 3135 1239 3201 breve.
1285 3136 1390 3214 Teste,

342 3242 392 3308 W.
415 3240 456 3306 de
490 3237 655 3306 Bereford'
685 3238 775 3324 apud
809 3237 1145 3316 westmonasterium,
1179 3236 1312 3322 xxviij0.
1337 3237 1390 3303 die

340 3341 446 3422 Junii,
469 3363 555 3408 anno
577 3341 670 3429 regni
691 3341 798 3408 nostri
820 3346 923 3407 sexto.

340 3597 607 3716 ,(16
640 3551 968 3725 Fama
989 3550 1389 3740 ttsw
1403 3567 1549 3663 '”‘

344 3731 561 3784 mm·
641 3759 730 3848 quod
745 3680 855 3845 pjuce
899 3761 934 3822 a
951 3705 1042 3822 'sine
1079 3756 1237 3822 suasione
1276 3707 1393 3824 (6661
1404 3720 1538 3815 iiiiii.

347 3865 492 3932 Roberto
514 3863 555 3930 (16
578 3863 693 3930 116616
714 3861 795 3927 Alto
819 3860 1013 3938 Gilbarttrm,
1036 3858 1142 3923 filium
1173 3863 1208 3923 ct
1230 3858 1392 3925 haeredem

346 3967 483 4034 Roberti
504 3964 702 4044 Haunsard',
726 3963 821 4048 cujus
843 3961 992 4027 custodia
1014 3961 1057 4026 ad
1079 3961 1185 4047 ipsum
1210 3959 1394 4026 Robartum

345 4071 386 4136 de
408 4069 524 4134 Monte
557 4068 637 4133 Alto
660 4066 814 4154 pertinet,
838 4085 876 4128 eo
908 4062 996 4148 quod
1018 4061 1196 4148 praedictus
1230 4061 1394 4126 Robertus

346 4171 527 4238 Haunsard
560 4176 682 4236 terram
711 4188 804 4233 suam
836 4166 877 4237 (16
915 4185 952 4229 66
986 4165 1104 4240 166611,
1141 4186 1200 4250 per
1222 4163 1395 4228 servitium

347 4273 498 4356 militare,
514 4275 555 4338 ut
577 4271 668 4338 dicit.
714 4270 759 4334 Et
773 4267 839 4333 nisi
854 4265 974 4344 iecerit,
991 4270 1025 4331 61
1039 4265 1216 4353 praedictus
1231 4265 1395 4330 Robertus

347 4375 460 4441 fecerit
490 4379 525 4440 16
556 4393 705 4439 securum
736 4371 778 4436 de
800 4370 940 4437 clamore
971 4389 1030 4433 666
1060 4367 1294 4454 prosequendo,
1316 4371 1396 4433 tunc

346 4475 590 4554 summoneatis,
612 4496 670 4561 per
699 4473 802 4539 bonos
825 4469 1085 4550 summonitores,
1107 4469 1302 4556 praedictum
1328 4469 1396 4557 epi·

347 4600 490 4666 scopum,
511 4577 599 4663 quod
622 4576 667 4642 sit
689 4595 795 4641 coram
816 4572 1011 4659 justiciariis
1032 4571 1162 4650 nostris,
1177 4571 1267 4658 apud
1287 4570 1396 4638 west·

347 4678 595 4757 monasterium,
632 4699 654 4744 a
690 4676 743 4742 (116
792 4673 905 4742 Sancti
944 4673 1114 4741 Michaelis
1151 4672 1188 4752 in
1225 4695 1279 4741 xv.
1318 4673 1397 4754 (1166,
