3538 5712
399 794 487 858 1128
577 805 778 858 nno1srauu
799 804 1002 856 rmnnuu
1024 805 1270 855 unumunurn.

248 1001 305 1048 w·
312 1004 373 1050 1⁸¹1·
401 996 436 1057 et
459 1013 598 1080 egressu
621 991 780 1080 praedicto
795 989 937 1056 Patricio
953 995 988 1054 et
1001 988 1188 1055 heredibus
1211 987 1288 1066 suis,
1302 1009 1363 1075 pro
1376 1008 1453 1054 uve·
1464 995 1508 1041 sa
1519 997 1602 1052 Βια-
1611 999 1637 1042 ¹·

401 1093 468 1173 riis,
491 1093 670 1182 pecoribus,
700 1099 735 1159 et
759 1091 960 1160 animalibus
982 1090 1051 1156 suis
1075 1089 1286 1177 supradictis,
1310 1095 1345 1155 et
1366 1089 1455 1175 quod

402 1196 581 1284 praedictus
603 1194 766 1261 Patricius
781 1199 816 1259 et
837 1192 983 1260 haeredes
1007 1189 1060 1257 sui
1075 1189 1221 1256 habeant
1244 1211 1359 1278 porcos
1381 1213 1454 1257 suos

403 1297 550 1384 proprios
571 1297 609 1361 in
631 1295 798 1382 praedictis
813 1293 919 1360 boscis
943 1293 1082 1379 quietos,
1097 1313 1174 1360 cum
1195 1293 1379 1380 pannagi03
1398 1291 1455 1360 ha-

404 1399 550 1464 bendum
565 1403 600 1464 et
621 1397 802 1462 tenendum
828 1395 917 1461 dicto
940 1394 1088 1461 Patricio
1110 1399 1145 1460 at
1167 1393 1355 1460 haeredibus
1380 1396 1456 1475 suis,

407 1501 443 1566 in
458 1498 681 1586 suoseparali,
704 1498 745 1564 de
768 1498 863 1564 nobis
876 1501 911 1562 et
926 1495 1168 1563 successoribus
1189 1495 1320 1574 nostris,
1334 1496 1372 1561 in
1386 1518 1457 1582 per·

407 1606 566 1690 petuum;
588 1599 755 1666 reddendo
778 1599 856 1664 inda
886 1597 1061 1664 annuatim
1091 1595 1190 1662 nobis
1212 1601 1247 1680 et
1270 1598 1455 1663 suecessori-

406 1704 469 1768 bus
491 1702 614 1768 nostris
628 1701 774 1787 quinque
797 1699 919 1766 solidos
945 1698 990 1763 ad
1012 1697 1171 1764 terminos
1200 1697 1237 1763 in
1268 1699 1456 1786 episcopatu

407 1803 622 1870 Dunelmensi
637 1801 843 1881 constitutos,
866 1821 926 1887 pro
948 1799 1039 1864 omni
1053 1799 1198 1878 servitio,
1213 1801 1455 1880 consuetudine,

407 1904 578 1971 exactione
601 1910 636 1969 et
657 1902 828 1969 demanda.
876 1899 1105 1969 Concessimus
1127 1900 1229 1966 etiam
1259 1901 1365 1967 eidem
1395 1903 1455 1969 Pa-

407 2007 503 2074 tuicio
536 2011 571 2072 at
608 2004 793 2071 hoeredibus
830 2003 908 2081 suis,
930 2024 990 2090 pro
1031 2002 1127 2068 nobis
1164 2006 1200 2067 et
1221 2003 1456 2071 successoribus

407 2107 537 2186 nostris,
561 2105 649 2193 quod
672 2105 850 2192 praedictus
875 2104 1037 2170 Patricius
1062 2108 1098 2170 et
1122 2103 1269 2170 haeredes
1290 2105 1341 2170 sui
1354 2105 1455 2172 libere

407 2209 544 2298 possint,
567 2229 642 2276 cum
664 2207 844 2285 voluerint,
867 2206 1095 2272 molendinum
1116 2207 1308 2291 aquaticum
1330 2207 1365 2272 in
1387 2207 1456 2274 solo

408 2335 468 2379 suo
487 2313 606 2389 levare,
637 2331 735 2397 super
766 2305 927 2374 sikettum
959 2308 1001 2373 de
1034 2307 1243 2390 Blakeburn’,
1267 2314 1302 2374 et
1334 2309 1455 2375 molen·

408 2415 525 2479 diuum
546 2411 631 2476 illud
655 2411 693 2476 in
716 2411 784 2478 solo
807 2415 929 2488 nostro,
957 2409 1047 2474 ultra
1069 2409 1231 2475 sikettum
1252 2411 1455 2497 praedictum,

408 2514 468 2590 ubi
482 2513 658 2591 voluerint,
680 2513 870 2590 attachiare,
888 2517 922 2577 et
938 2512 1094 2597 stagnum
1110 2511 1289 2576 molendini
1304 2513 1357 2577 sui
1375 2536 1456 2600 pree·

407 2616 489 2682 dicti
509 2615 545 2680 in
572 2614 685 2680 eodem
701 2613 770 2679 solo
792 2617 904 2678 nostro
928 2615 1120 2678 construere
1143 2616 1179 2677 et
1204 2633 1363 2698 reparare,
1378 2636 1456 2700 qno-

407 2718 495 2782 tiens
515 2715 680 2781 voluerint
699 2714 740 2780 de
763 2710 889 2793 caetero,
913 2713 985 2778 sine
1008 2711 1244 2799 impedimento
1265 2715 1378 2794 nostri,
1401 2737 1455 2782 seu

408 2839 625 2884 successorum
647 2821 852 2893 nostrorum
885 2819 920 2880 et
952 2835 1012 2880 nos
1046 2819 1081 2880 et
1117 2835 1316 2882 successores
1352 2818 1453 2884 nost'

408 2921 520 2987 omnia
550 2923 749 2996 tenementa,
781 2937 991 2983 communem
1027 2921 1208 3004 pasturam,
1231 2924 1267 2983 et
1297 2921 1458 2986 estoveria

407 3021 605 3108 supradicta,
639 3019 798 3105 praedicto
821 3018 966 3085 Patricio
999 3021 1035 3083 et
1065 3017 1252 3084 haeredibus
1275 3021 1352 3099 suis,
1374 3023 1457 3087 sicut

407 3123 603 3210 praedictum
626 3124 686 3199 est,
713 3125 828 3186 contra
851 3141 965 3185 omnes
990 3118 1142 3184 homines
1167 3121 1470 3190 warantizabimus

407 3230 443 3290 et
456 3222 669 3290 defendemus
684 3221 721 3286 in
736 3225 940 3308 perpetuum.
989 3221 1031 3285 In
1049 3220 1143 3306 cujus
1159 3221 1207 3286 rei
1223 3223 1457 3305 testimonium,

406 3325 559 3413 praesenti
585 3329 684 3390 eartae
721 3329 843 3389 nostrae
876 3323 1020 3410 sigillum
1050 3327 1200 3388 nostrum
1236 3327 1454 3411 apposuimus

406 3429 483 3493 Hiis
524 3426 673 3503 testibus,
703 3425 838 3491 domino
884 3425 1027 3491 Ricardo
1067 3425 1283 3504 Marmeduk’,
1324 3428 1456 3496 domiuo

405 3531 553 3597 Waltero
569 3529 610 3595 de
626 3527 853 3614 Wessington',
869 3527 1002 3594 domino
1018 3527 1146 3593 Thomu
1160 3528 1202 3593 de
1217 3527 1456 3612 Wbiteworth',

406 3631 579 3709 militibus,
612 3629 758 3694 Roberto
792 3629 834 3695 de
856 3629 1007 3714 Lumley,
1040 3627 1196 3694 Johunne
1227 3629 1269 3695 de
1291 3629 1456 3719 Byrteley,

405 3733 430 3797 J
432 3732 560 3798 ohanne
581 3733 622 3797 de
638 3731 770 3816 Bydik',
786 3731 940 3796 Johanne
956 3730 1026 3794 filio
1040 3730 1065 3795 J
1067 3729 1206 3796 ohannis
1229 3731 1270 3795 de
1284 3731 1457 3814 Dunelmo,

406 3833 572 3900 Willelmo
587 3833 628 3898 de
643 3831 798 3911 Neuton’,
822 3832 974 3898 Gilberto
989 3831 1030 3898 de
1049 3831 1198 3916 Lumley,
1221 3837 1256 3899 et
1277 3833 1359 3900 aliis
1391 3836 1455 3902 Da·

406 3941 480 4002 tum
517 3934 685 4012 Dunelmi,
722 3933 807 4020 xxjo.
841 3934 895 3999 die
930 3933 1099 4012 'Octobris
1129 3954 1218 3999 anno
1254 3935 1348 4022 regni
1370 3937 1455 4024 regis

334 4045 338 4054 “
406 4036 573 4113 Edwardi,
594 4035 654 4100 filii
691 4034 779 4122 regis
811 4035 980 4115 Edwardi,
1014 4035 1142 4120 quinto,
1180 4041 1214 4101 et
1243 4037 1455 4123 pontificatus

407 4138 513 4206 nostri
535 4136 651 4224 primo.

238 4371 365 4428 rem,
408 4374 601 4430 ommi,
683 4341 851 4419 Ricurdus,
896 4339 1108 4427 permissione
1161 4341 1285 4423 divina,
1331 4345 1455 4411 Dunel-

222 4427 383 4530 {sslllif'm
407 4445 571 4498 senenses.
637 4443 759 4510 mensis
789 4443 968 4530 episcopus,
1002 4443 1152 4510 omnibus
1182 4444 1223 4510 ed
1257 4467 1338 4531 quos
1374 4467 1455 4533 prue-

237 4527 375 4632 {altili
406 4555 516 4618 sentes
536 4549 642 4615 literae
664 4545 885 4634 pervenerint,
899 4547 1045 4612 salutem.
1092 4545 1235 4614 Noverit
1256 4550 1456 4616 universitas

238 4628 341 4723 ltffl
404 4657 516 4720 vestra
546 4672 607 4718 nos
640 4649 776 4729 dedisse,
799 4647 999 4729 concessisse,
1021 4654 1056 4715 et
1086 4647 1148 4716 huo
1180 4652 1336 4737 pressanti
1366 4658 1458 4718 curm
