3538 5712
428 728 513 788 1158
603 739 802 790 naersrrmr
825 737 1028 786 Pamrruou
1051 739 1291 788 nuunmnvsn

273 945 397 992 somus
424 933 545 992 nostrre
569 927 609 990 de
634 927 790 1004 Norbam,
814 949 873 1012 pro
896 926 969 989 vita
991 933 1125 1004 nostra,
1160 926 1208 989 ita
1238 932 1358 1001 tamen,
1383 925 1472 1010 quod
1485 937 1643 988 marm-1.

424 1029 547 1092 ibidem
580 1027 693 1092 veniet
726 1028 768 1091 ad
801 1027 994 1091 mandatum
1027 1034 1185 1103 nostrum,
1218 1027 1271 1090 vel
1303 1027 1475 1092 senescalli

424 1131 537 1206 nostri,
560 1129 617 1214 qui
641 1152 699 1215 pro
731 1135 876 1214 tempore
906 1129 1015 1206 fuerit,
1038 1151 1111 1194 cum
1144 1127 1343 1193 sufficienter
1373 1127 1475 1193 fuerit

425 1231 649 1317 praerrrunitus‚
672 1230 700 1294 si
733 1231 769 1294 in
801 1230 937 1316 praefata
959 1229 1050 1294 curia
1071 1229 1183 1313 aliqua
1204 1230 1337 1315 negotia
1369 1231 1474 1292 ardua

425 1337 459 1396 et
497 1331 641 1396 difficilia
678 1331 803 1395 suerint
840 1331 1052 1415 expedienda
1100 1330 1325 1396 Concessimus
1363 1330 1473 1406 etiam,

426 1433 512 1517 quod
536 1433 692 1517 praefatus
715 1433 867 1497 dominus
882 1432 1067 1496 Willelmus
1090 1431 1222 1515 quietus
1244 1431 1288 1496 sit
1311 1430 1473 1508 similiter,

426 1557 484 1620 pro
522 1534 593 1598 vita
629 1539 750 1610 nostra,
782 1534 822 1598 de
860 1533 982 1619 viginti
1019 1532 1132 1598 solidis
1169 1554 1251 1617 quos
1288 1532 1390 1610 nobis,
1429 1534 1472 1596 ad

425 1635 619 1700 scaccarium
653 1641 803 1699 nostrum
835 1635 876 1698 de
908 1634 1063 1710 Norham,
1087 1634 1222 1698 reddere
1254 1634 1388 1710 solebat,
1412 1656 1472 1718 pro

425 1736 538 1800 warda
559 1736 658 1799 castri
681 1736 722 1798 de
755 1735 912 1815 Norbam,
937 1757 996 1822 pro
1018 1735 1092 1800 vita
1113 1741 1248 1812 nostra;
1279 1735 1328 1798 ita
1350 1741 1470 1814 tamen,

425 1838 512 1922 quod
546 1836 646 1901 faciat
675 1837 856 1900 custodiam
881 1836 962 1901 dicti
997 1837 1105 1912 castri,
1128 1858 1186 1922 per
1217 1858 1333 1922 colpus
1364 1859 1469 1912 suum,

425 1939 477 2002 vel
509 1937 646 2022 alicujus
679 1937 824 2018 alteriue,
847 1938 979 2003 nomine
1012 1960 1080 2016 suo,
1104 1959 1178 2002 cum
1201 1959 1330 2002 neeesse
1360 1938 1470 2013 fuerit,

425 2041 556 2126 quando
579 2038 636 2102 alii
659 2043 808 2104 tenentes
830 2040 936 2104 nostri
958 2041 998 2104 de
1023 2039 1054 2102 N
1058 2039 1257 2104 orhamshire
1288 2039 1469 2105 custodiam

425 2142 575 2229 praedicti
610 2141 708 2208 castri
730 2163 789 2228 per
819 2163 935 2228 corpus
966 2141 1109 2206 hominis
1140 2141 1269 2206 facient.
1314 2141 1470 2226 Partique

424 2243 522 2328 hujus
554 2243 668 2328 scripti
699 2243 863 2307 indenteti
885 2243 1067 2308 remanenti
1098 2263 1196 2328 penes
1218 2241 1342 2306 dictum
1365 2243 1469 2306 domi-

424 2369 504 2410 num
536 2345 736 2410 Willelmum
768 2345 911 2431 siffl'llum
945 2349 1094 2409 nostrum
1128 2350 1178 2408 est
1209 2365 1399 2430 appensum,
1432 2367 1470 2409 ac

423 2447 509 2534 parti
543 2445 725 2511 remanenti
747 2467 845 2530 penes
874 2467 934 2510 nos
965 2446 1071 2510 di'ctus
1103 2445 1255 2509 dominus
1287 2443 1469 2510 Willelmus

424 2549 578 2635 apposuit
608 2547 751 2634 sigillum
774 2569 878 2626 suum,
901 2548 937 2611 in
967 2547 1191 2612 testimonium
1220 2547 1468 2633 praemissorum.

321 2729 328 2742 Ι
426 2651 550 2716 Dat-um
573 2650 662 2736 apud
685 2649 866 2728 Stoketon',
890 2649 1023 2734 xxviijo.
1054 2649 1108 2713 die
1138 2649 1260 2728 Martii,
1284 2671 1370 2715 anno
1401 2650 1469 2715 Do·

424 2752 506 2816 ruini
529 2757 587 2816 etc
615 2749 774 2838 [maceca]
799 2749 870 2837 x1J0.
894 2757 928 2816 et
951 2751 1160 2838 pontificatus
1183 2751 1286 2816 nostri
1309 2751 1420 2837 primo.

256 2975 379 3038 confirma
424 2986 500 3036 cm,
508 2985 685 3035 canonicorum
765 2951 888 3018 Christi
934 2953 1086 3019 fidelibus
1131 2959 1243 3039 pateat
1296 2954 1466 3034 universis,

256 3029 392 3120 iiiiisso
424 3053 454 3102 ‘¹⁰
467 3053 595 3116 Egreston.
719 3055 807 3138 quod
829 3077 897 3134 nos,
920 3056 1088 3133 Ricardus‚
1111 3057 1321 3141 permissione
1343 3057 1466 3135 divina,

255 3128 652 3220 littlttm‘nunelmensis
684 3161 863 3249 episcopus,
891 3156 1002 3222 literas
1033 3158 1289 3224 confirmatorias
1320 3159 1383 3245 piae
1418 3181 1468 3225 re-

255 3227 403 3280 ⁰¹³⁸¹⁰⁸t⁰l
423 3256 619 3324 cordationis
664 3262 808 3340 Robcrti,
847 3259 1012 3344 quondam
1049 3260 1277 3324 Dunelmensis
1315 3261 1466 3348 episcopi,

422 3357 634 3442 inspeximus,
671 3369 817 3430 tenorem
847 3361 903 3446 qui
944 3360 1093 3444 sequitur
1131 3363 1334 3426 continentes
1348 3363 1466 3428 :—Re-

423 3457 543 3538 bertus,
569 3461 631 3528 Dei
652 3467 767 3551 gratia,
791 3462 1023 3528 Dunelmensis
1057 3463 1235 3550 episeopus,
1259 3465 1396 3530 salutem
1429 3466 1466 3529 in

421 3559 574 3628 Domino.
620 3565 762 3632 Noverit
798 3564 996 3629 universitas
1035 3570 1154 3641 vestra,
1191 3587 1249 3631 nos
1286 3567 1465 3652 inspexisse

422 3670 545 3726 cartam
578 3665 641 3750 piae
664 3667 828 3732 memoriae
861 3664 984 3729 domini
1008 3663 1161 3752 Philippi,
1183 3667 1348 3751 quondam
1371 3667 1463 3732 Duu-

422 3762 573 3828 elmensis
596 3767 748 3854 episcopi,
772 3765 1016 3854 praedecessoris
1050 3768 1162 3844 nostri,
1192 3768 1228 3830 in
1251 3767 1321 3833 haec
1343 3769 1463 3834 verba:

421 3863 647 3952 *Philippus
671 3869 733 3934 Dei
762 3869 878 3956 gratia,
902 3868 1131 3933 Dunelmensis
1161 3870 1337 3956 episcopus,
1361 3873 1464 3935 omni·

422 3963 482 4030 bus
514 3975 636 4035 sanccae
658 3972 773 4037 matris
803 3969 944 4035 ecclesiae
966 3969 1052 4047 filiis,
1074 3970 1212 4034 salutem
1244 3971 1283 4035 in
1314 3973 1463 4039 Domine.

420 4067 563 4134 Noverit
597 4071 794 4144 universitas
817 4078 935 4148 vestra,
958 4091 1026 4148 nos,
1049 4073 1196 4138 caritatis
1230 4073 1366 4152 intuitu,
1388 4097 1464 4140 con·

418 4171 549 4236 cessisse
586 4179 620 4237 et
656 4175 809 4260 praesenti
847 4180 937 4238 carta
973 4175 1185 4252 confirmasse,
1222 4183 1383 4260 quantum
1421 4177 1464 4242 ad

418 4290 476 4336 nos
503 4273 660 4358 pertinet,
695 4276 734 4340 de
766 4297 924 4340 consensu
956 4275 1114 4355 Matildae,
1149 4273 1313 4360 quondam
1353 4279 1463 4344 uxoris

419 4373 559 4438 Gilberti
597 4374 638 4438 de
671 4376 769 4462 Leya,
801 4377 871 4440 Deo
914 4382 947 4440 et
985 4375 1090 4442 beatae
1128 4377 1251 4454 Mariae,
1284 4387 1317 4444 et
1341 4380 1462 4447 Sancto

418 4473 563 4539 Johanni
596 4477 763 4563 Baptista,
798 4485 832 4544 et
869 4478 1032 4545 canonicis
1071 4481 1109 4545 de
1147 4479 1322 4566 Egleston',
1353 4489 1461 4550 totum

415 4576 599 4642 manerium
637 4578 678 4644 de
715 4579 954 4668 Kylvyngton’,
993 4602 1066 4646 curn
1115 4582 1334 4668 pertinentiis,
1374 4585 1461 4670 quod
