3362 5720
407 806 608 858 66666666
630 805 834 858 mmmmm
855 808 1095 862 6666666666.
1191 797 1277 867 1273

58 999 266 1068 6611666661
288 992 435 1060 dimidies
465 993 554 1081 opud
581 992 825 1072 Kimeschewe
847 996 988 1062 duorum
1017 1018 1167 1064 acrarum
1189 998 1279 1086 opud
1308 1013 1435 1062 66666.

232 1095 350 1182 Heley,
377 1097 518 1162 duarum
548 1115 697 1162 acrarum
728 1096 765 1160 in
787 1097 833 1162 Le
857 1095 1043 1186 Oxenbego,
1066 1101 1165 1165 66166
1195 1121 1279 1166 acme

226 1198 329 1283 juxta
351 1198 398 1263 Le
420 1197 631 1274 Tounburne‚
653 1217 712 1263 sex
733 1218 882 1264 serarum
899 1220 941 1264 ex
964 1205 1106 1288 utreque
1121 1209 1216 1288 perte
1239 1201 1281 1266 de

232 1299 474 1377 Grimesknoll',
511 1299 651 1364 duemm
691 1320 842 1365 eoremm
886 1323 929 1367 ex
966 1307 1060 1388 perce
1087 1303 1209 1369 boreali
1240 1304 1282 1370 (16

232 1399 477 1478 Grimesknoll'‚
499 1399 599 1464 unius
629 1421 714 1466 eorae
744 1405 779 1466 61
808 1401 958 1468 dimidiae
989 1404 1079 1490 apud
1102 1405 1149 1471 Le
1166 1404 1281 1483 Howe‚

231 1502 344 1566 decem
365 1523 515 1568 acrarum
536 1501 628 1587 apud
651 1501 1005 1582 Τ6661616161(’,1ι1666
1027 1526 1174 1571 acrarum
1201 1525 1283 1591 ques

231 1602 434 1668 Humfredus
467 1602 509 1668 de
541 1601 726 1668 Sokeburn’
749 1606 852 1682 16661,
882 1603 984 1669 trium
1019 1625 1169 1672 acrarum
1201 1627 1283 1693 quas

232 1703 375 1770 Michoel
405 1703 507 1770 Brek’
530 1709 624 1769 16661
654 1725 754 1790 super
777 1704 823 1770 Le
845 1705 1009 1792 semoy,
1044 1728 1103 1774 sex
1134 1729 1282 1774 ecremm

232 1827 313 1891 ques
343 1804 473 1870 Alenus
512 1805 674 1870 Bedemen
710 1810 811 1885 16661,
843 1812 983 1892 quocuor
1015 1829 1165 1875 sorerem
1202 1831 1283 1895 ques

142 1941 146 1949 ·
232 1906 397 1972 Roberbus
421 1905 657 1992 carpentarius
672 1912 773 1988 16661,
793 1907 894 1992 juxte
916 1907 1161 1995 Uglingthom’,
1184 1911 1284 1975 unius

232 2030 318 2076 66666
340 2030 438 2094 quam
470 2006 641 2074 Johennes
663 2006 750 2072 Arde
774 2013 877 2089 16661,
896 2008 997 2093 juxte
1019 2010 1066 2074 Le
1088 2010 1285 2089 Trevemire

233 2109 356 2196 viginti
378 2131 529 2176 coretum
559 2108 597 2174 in
618 2107 840 2190 Escomhirsc',
864 2129 946 2193 ques
979 2110 1131 2177 dominus
1165 2112 1286 2179 Eusto-

234 2213 304 2279 eius
340 2216 442 2292 16661,
480 2208 645 2278 sexdecim
682 2230 834 2276 soterum
871 2211 907 2274 in
941 2209 1170 2297 Wolleyerok',
1203 2235 1284 2299 ques

235 2312 439 2380 Humfredus
462 2311 502 2377 de
519 2309 703 2378 Sokeburn'
719 2315 754 2376 61
775 2311 870 2377 Eudo
893 2311 934 2376 de
956 2311 1145 2379 Shilvedou’
1161 2319 1284 2394 166661,

234 2421 378 2503 quatuor
399 2435 547 2481 acrarum
578 2415 614 2480 in
636 2413 769 2492 Horset,
791 2434 851 2480 sex
873 2434 1021 2479 acrarum
1036 2415 1073 2479 in
1095 2416 1141 2482 Le
1164 2417 1285 2496 Toftes,

233 2539 315 2604 ques
345 2517 515 2584 Johmnes
547 2515 634 2581 Alde
664 2519 766 2592 16661,
796 2515 967 2581 duodecim
999 2519 1286 2594 6666661616

234 2618 487 2704 Northquwam,
510 2639 593 2703 ques
628 2615 819 2682 Alexander
849 2617 902 2682 del
925 2616 1066 2698 Qwhom
1097 2625 1132 2684 61
1162 2620 1286 2685 Renul·

149 2714 150 2718 ’
233 2720 320 2806 phus
340 2719 381 2784 de
398 2719 512 2784 eedem
535 2721 660 2798 166661,
674 2717 816 2804 16161616
837 2739 987 2784 ocremm
1003 2739 1084 2804 quas
1099 2720 1285 2788 Willelmus

233 2820 351 2886 Dodde
364 2825 466 2896 16661,
480 2819 621 2905 triginta
643 2839 763 2884 novem
786 2839 935 2886 serarum
958 2821 1048 2906 apud
1064 2821 1283 2906 Esoomhirsd

233 2943 315 3009 ques
349 2920 521 2986 duodecim
560 2919 662 2986 bondi
699 2920 741 2985 de
780 2919 928 2986 Esoomb’
963 2926 1087 3002 166661,
1121 2924 1284 2991 sexdecim

117 3037 126 3050 ·
234 3044 383 3089 aoramm
421 3043 503 3108 ques
541 3021 687 3106 quinque
731 3021 833 3085 bondi
872 3022 913 3086 de
953 3021 1063 3090 North
1098 3025 1284 3091 Aukelend'

234 3130 358 3203 tenent,
396 3121 567 3190 duodecim
607 3142 757 3208 aerarum
793 3142 875 3208 quas
916 3123 1080 3190 Roberous
1118 3126 1159 3192 de
1197 3127 1285 3194 Aulo

234 3232 335 3304 16661,
351 3230 425 3292 eobo
445 3245 595 3291 66661666
618 3223 654 3287 16
670 3223 792 3302 eedem,
814 3245 897 3311 ques
919 3224 1089 3312 garciones
1110 3226 1151 3293 de
1171 3228 1285 3294 Auke·
1350 3289 1352 3296 ⁴

235 3328 322 3394 land'
346 3331 381 3393 61
395 3326 554 3400 ,Eseomb’
577 3329 703 3403 166661,
734 3326 899 3392 sexdecim
930 3347 1080 3392 aerarum
1106 3349 1188 3414 ques
1211 3336 1284 3396 occo

234 3429 412 3516 burgenses
441 3428 482 3494 de
504 3427 691 3492 Aukeland’
715 3426 841 3493 ibidem
863 3433 991 3506 tenent,
1012 3428 1176 3496 sexdecim
1195 3453 1285 3497 eore-

234 3551 309 3594 rum
340 3528 431 3615 apud
461 3527 700 3614 Noieleywell'‚
721 3549 803 3613 ques
829 3527 997 3594 Walterus
1027 3528 1069 3596 de
1099 3530 1283 3598 Bemeoon’

234 3635 337 3708 16661,
359 3652 418 3696 sex
439 3651 588 3696 cerarum
619 3633 654 3696 61
685 3629 832 3695 dimidiae
855 3629 892 3694 in
914 3629 1173 3720 Wydhopmore‚
1202 3656 1284 3721 quas

236 3732 400 3798 Robertus
437 3731 478 3797 de
515 3731 738 3818 Neubigging'
773 3731 891 3812 166611,
930 3732 1028 3797 66166
1064 3754 1148 3800 cerm
1185 3757 1283 3821 quem

235 3833 420 3900 Willelmus
443 3832 484 3898 de
507 3831 690 3898 Kokerion'
707 3837 801 3898 16661
823 3832 859 3896 16
875 3833 998 3912 eedem,
1012 3834 1116 3899 trium
1136 3856 1284 3903 acrarum

235 3935 271 3999 in
294 3933 445 4000 Linesek’
469 3954 551 4020 quas
574 3932 778 3998 Humfredus
808 3932 850 3998 de
873 3933 1057 4000 Sokeburn’
1080 3941 1182 4020 16661,
1206 3960 1284 4024 que

234 4042 311 4102 tuor
342 4055 491 4102 serarum
521 4055 602 4120 ques
626 4033 735 4099 Adam
758 4033 873 4100 Blebir
907 4039 1021 4117 16661;
1052 4037 1141 4117 icem,
1164 4040 1285 4127 viginti

235 4143 361 4224 septem
393 4157 544 4203 acrarum
576 4137 665 4223 apud
700 4134 838 4215 Hessec',
869 4135 982 4204 decem
1015 4159 1165 4204 cerarum
1196 4145 1285 4229 apud

235 4237 443 4327 Spenthorn'‚
465 4259 524 4303 sex
546 4257 694 4302 acrarum
706 4237 806 4321 juxto
829 4235 969 4317 Hessee’,
991 4260 1073 4324 ques
1095 4241 1221 4308 Alanus
1244 4245 1284 4310 de

203 4417 205 4424 Δ
235 4342 310 4407 Feri
348 4345 450 4418 16661,
482 4340 580 4406 66166
614 4361 698 4406 eorae
732 4359 832 4426 quem
865 4340 1050 4406 Willelmus
1084 4343 1138 4409 del
1165 4345 1282 4412 Wode-

234 4445 354 4508 houses
377 4447 480 4520 16661,
496 4442 532 4506 16
555 4441 650 4508 exitu
673 4442 715 4506 de
733 4441 978 4522 Oulesehsuwe‚
1001 4444 1172 4511 duodecim
1195 4469 1284 4514 eore-

234 4567 309 4610 rum
340 4566 421 4630 quas
444 4543 612 4610 Geifridus
635 4544 676 4608 de
699 4543 921 4608 Henneknoll'
944 4548 1046 4626 16661,
1069 4546 1105 4611 16
1134 4569 1225 4614 more
1251 4556 1285 4616 61

234 4647 329 4713 exitu
359 4645 448 4712 vilice
486 4645 526 4711 de
566 4643 797 4722 Henneknoli’,
828 4644 863 4710 in
901 4644 1008 4711 tribus
1044 4647 1132 4725 locis,
1162 4649 1284 4736 viginti
