3570 5718
426 809 491 873 928
608 821 805 872 anarsrauu
828 815 1029 871 rnns'nuuu
1052 817 1292 870 nuumunusn

271 1016 393 1066 ιιιιιιι.
425 1005 539 1085 wardi,
556 1006 723 1092 quondam
742 1005 828 1092 regis
842 1005 981 1091 Angliae,
1000 1004 1104 1092 patris
1122 1005 1236 1082 nostri,
1253 1003 1361 1070 eidem
1381 1003 1648 1090 pessimantes

421 1113 545 1188 nostro,
578 1129 676 1194 super
705 1106 872 1193 aliquibus
902 1127 1055 1172 coronam
1085 1112 1120 1172 et
1149 1106 1347 1192 dignitatem
1377 1127 1470 1172 suam
1544 1179 1546 1182 ¹

421 1210 644 1295 tangentibus,
667 1229 889 1294 responsurus,
920 1208 956 1272 in
987 1207 1156 1294 exigendis
1187 1208 1314 1294 positus
1343 1207 1387 1273 ad
1416 1215 1469 1273 ut·

422 1309 609 1396 legandum,
636 1316 670 1374 et
711 1311 930 1396 postmodum,
962 1315 1007 1374 ea'
1034 1309 1210 1386 occasione,
1242 1309 1278 1373 in
1308 1309 1468 1375 comitatu
1522 1383 1529 1396 ⁸

421 1411 454 1475 N
456 1412 679 1490 orthumbriae,
694 1412 872 1498 utlagatus,
887 1411 1012 1490 fuisset,
1029 1432 1087 1496 per
1110 1411 1198 1496 quod
1220 1411 1369 1497 quaedam
1394 1433 1469 1498 pars

421 1513 582 1578 bonorum
612 1520 647 1578 et
672 1513 864 1578 catellorum
892 1512 1038 1598 ejusdem
1063 1511 1147 1578 Adae
1170 1514 1213 1576 ad
1245 1533 1362 1578 manus
1385 1512 1466 1578 dieti

420 1616 524 1700 patris
545 1615 650 1681 nostri
666 1615 879 1691 devenerunt,
894 1620 929 1678 ct
951 1613 1117 1680 residuum
1142 1610 1320 1680 eorundem
1342 1615 1386 1678 ad
1408 1635 1468 1679 nos

419 1717 574 1802 pertinet,
608 1723 648 1781 ut
678 1716 871 1802 accepimus,
902 1737 962 1780 vos
995 1722 1031 1781 et
1073 1716 1217 1780 ministri
1250 1717 1363 1796 vestri,
1387 1738 1469 1802 prae·

420 1819 520 1883 missa
552 1818 742 1883 nullatenus
773 1817 1026 1896 considerantes,
1054 1817 1111 1882 sed
1137 1817 1332 1903 praedictum
1357 1817 1467 1882 Adam

418 1920 615 1986 intestatum
645 1920 825 1996 decessisse,
849 1923 884 1983 et
912 1918 1001 1986 bona
1025 1924 1060 1984 et
1089 1919 1209 1984 catella
1238 1919 1395 2005 praedicta
1424 1920 1467 1985 ad

418 2043 477 2086 vos
501 2043 541 2087 ea
563 2022 604 2086 de
628 2041 727 2087 causa
751 2019 925 2106 pertinere,
941 2025 1170 2107 supponentes,
1198 2020 1399 2086 Willelmum
1425 2021 1465 2085 de

419 2123 580 2209 Dryffeld’
603 2129 638 2188 et
659 2121 740 2187 alios
763 2122 804 2187 de
826 2127 988 2208 potestate
1004 2128 1123 2202 vestra,
1138 2123 1175 2187 in
1198 2145 1336 2209 quorum
1358 2125 1465 2187 mani-

417 2224 480 2290 bus
502 2224 592 2290 dicta
615 2225 704 2289 bona
730 2228 764 2288 et
788 2223 907 2289 catalla
931 2223 1090 2306 existunt,
1113 2225 1156 2288 ad
1182 2226 1295 2290 eadem
1320 2225 1407 2291 bona
1430 2230 1465 2290 et

415 2326 537 2392 catalla
567 2327 662 2391 vobis
694 2325 863 2390 reddenda
899 2325 1055 2412 distringi
1079 2327 1189 2392 facitis
1224 2327 1462 2413 multipliciter,

417 2435 452 2493 et
474 2428 673 2513 inquietari;
703 2428 738 2493 in
761 2427 865 2491 nostri
887 2427 1123 2513 praejudicium,
1147 2434 1181 2494 et
1203 2427 1352 2514 praedicti
1383 2429 1464 2493 Wil-

416 2530 515 2607 lelmi,
530 2551 569 2594 ac
590 2529 730 2594 aliorum
745 2528 832 2592 bona
847 2532 881 2593 et
907 2528 1027 2594 catalla
1044 2530 1201 2614 praedicta
1223 2531 1462 2616 occupantium,

417 2631 627 2717 dispendium
649 2651 717 2694 non
743 2629 917 2708 modicum,
938 2629 1024 2696 sicut
1048 2631 1135 2696 idem
1159 2631 1344 2696 Willelmus
1367 2631 1463 2696 intel·

416 2735 476 2820 ligi
498 2734 594 2800 nobis
617 2735 727 2813 dedit;
766 2756 826 2798 nos
852 2733 962 2820 igitur,
993 2739 1063 2798 tam
1092 2735 1305 2803 indemnitati
1331 2743 1462 2817 nostrae,

416 2858 516 2922 quam
549 2835 699 2921 praedicti
736 2833 894 2898 Willelmi
925 2840 959 2900 et
993 2835 1131 2902 aliorum
1164 2843 1395 2924 praetactorum
1426 2839 1462 2904 in

415 2939 476 3003 hac
507 2943 609 3023 parta,
632 2935 815 3023 prospicere
849 2936 1005 3016 volentes,
1028 2938 1123 3003 vobis
1146 2940 1351 3019 mandamus,
1375 2941 1463 3026 quod

416 3041 458 3104 ab
491 3037 681 3124 hujusmodi
713 3037 976 3102 districtionibus
1009 3044 1043 3104 ct
1065 3031 1361 3125 inquietationibus
1382 3064 1463 3128 prae-

290 3217 292 3222 ,
415 3141 484 3205 fato
507 3138 673 3204 Willelnro
698 3144 732 3202 et
759 3138 839 3216 aliis,
862 3139 899 3202 in
926 3160 1065 3224 quorum
1087 3142 1242 3207 manibus
1264 3143 1353 3209 dicta
1375 3144 1462 3209 bona

415 3247 449 3307 et
471 3241 591 3306 catalla
612 3240 766 3318 existant,
783 3240 948 3306 occasione
968 3241 1133 3326 praedicta,
1149 3243 1305 3310 faciendis
1328 3246 1461 3331 penitus

414 3342 590 3420 desistatis,
609 3363 779 3427 quousque
794 3363 893 3427 super
917 3344 1093 3429 praemissis
1115 3344 1381 3411 informationem
1404 3348 1462 3412 ha·

413 3445 580 3510 buerimus
603 3443 791 3530 pleniorem,
807 3450 842 3509 et
864 3465 924 3508 nos
946 3445 1085 3511 ulterius
1100 3447 1177 3512 inde
1193 3447 1264 3512 fieri
1288 3449 1461 3515 fecerimus

413 3546 609 3663 quodjuris
631 3546 734 3611 fuerit
758 3567 817 3632 per
830 3546 1003 3611 consrhum
1019 3554 1054 3612 et
1068 3548 1236 3614 rationem.
1282 3551 1378 3616 leste
1394 3574 1460 3617 me·

412 3649 493 3734 ipso,
516 3649 604 3734 apud
629 3647 844 3732 Wyndesore‚
868 3645 916 3712 x⁰.
933 3647 985 3713 die
1002 3647 1092 3727 Maii,
1122 3673 1208 3760 anno
1240 3653 1332 3737 regni
1355 3654 1459 3718 nostri

413 3755 517 3815 sexto.

411 3960 480 4012 Brev
481 3959 590 4012 edoma
573 3960 685 4076 nireqlq
762 3948 955 4027 Edwardus,
990 3951 1053 4015 Dei
1084 3954 1292 4039 gratiatce,
1324 3977 1458 4022 venera-

243 3977 383 4178 ffiffi}
384 4035 451 4144 ‘Ita
443 4027 658 4158 ffiphumffssiffl
580 4095 610 4143 de
618 4093 682 4142 1101-
659 4043 848 4115 mrabili
839 4073 875 4115 ιιι
897 4051 1030 4117 Christo
1053 4055 1148 4139 patri,
1174 4007 1323 4135 Ricardo,
1346 4059 1458 4123 eadem

713 4151 830 4236 gratia,
868 4153 1017 4239 episcopo
1055 4155 1278 4236 Dunelmensi,
1310 4159 1457 4227 salutem.

411 4161 500 4333 gulia
533 4252 655 4338 magist
656 4273 692 4318 er
715 4252 911 4339 Radulphus
933 4254 975 4320 de
1007 4255 1185 4337 Holbeche,
1216 4283 1303 4326 unus
1341 4247 1463 4328 exesus

409 4363 519 4422 torum
535 4355 727 4421 testamenti
743 4355 893 4441 magistri
909 4355 1067 4421 Willehni
1082 4359 1123 4424 de
1144 4361 1246 4427 Sanct
1232 4367 1266 4427 to
1281 4364 1456 4450 Botulph0,

409 4459 537 4523 dudum
571 4477 716 4543 personae
748 4457 889 4522 ecclesiae
912 4457 954 4523 de
976 4458 1177 4546 chghton’,
1200 4463 1237 4526 in
1268 4465 1456 4551 episcopatu

321 4564 324 4570 '
408 4553 575 4646 praedicte,
606 4557 764 4637 defuncti,
795 4559 930 4624 clericus
963 4565 1023 4640 est,
1055 4567 1089 4626 et
1123 4584 1190 4628 non
1212 4564 1314 4632 habet
1336 4567 1456 4633 laicum

409 4661 550 4738 feodum,
587 4680 646 4744 per
684 4660 771 4746 quod
809 4660 964 4749 distringi
1001 4668 1118 4749 potest,
1142 4671 1241 4752 prout
1278 4667 1455 4736 vicecomes
