3524 5716
392 789 480 852 1180
570 804 771 856 nuulsmuu
794 801 996 853 emuniuit
1020 802 1260 853 nuumnmsu

238 1009 294 1054 no.
302 1010 360 1056 1³12
390 991 587 1070 acciderunt,
619 993 747 1058 ratione
777 992 914 1058 minoris
951 992 1061 1058 aetetis
1099 991 1272 1073 Johmnis,
1305 989 1367 1054 filii
1405 993 1620 1056 othelium

222 1073 365 1170 fiffldssf,
390 1093 531 1158 haeredie
554 1094 705 1179 praedicti
735 1093 899 1159 Johennis
915 1093 1080 1172 defuncti,
1102 1115 1170 1159 unu
1201 1115 1276 1158 cum
1300 1092 1441 1157 reversi·

390 1195 508 1260 onibus
527 1196 652 1274 dotum,
667 1218 742 1260 cum
765 1195 967 1275 acciderint3
988 1194 1178 1260 habendum
1200 1199 1236 1259 et
1258 1194 1440 1260 tenendum

390 1296 479 1363 dicto
498 1296 655 1376 Woltero,
670 1302 705 1362 et
727 1295 913 1363 haeredibus
935 1296 1003 1362 uuis
1025 1302 1060 1362 ct
1074 1295 1257 1383 designatis,
1281 1295 1322 1361 do
1344 1295 1440 1360 nobis

390 1403 424 1462 et
446 1399 683 1464 successoribus
705 1398 847 1479 nostris;
870 1398 1036 1464 reddendo
1059 1403 1094 1463 et
1115 1398 1266 1464 faciendo
1303 1398 1441 1463 servitio

389 1500 467 1565 inde
489 1501 601 1566 debita
624 1506 658 1566 et
682 1506 845 1566 consuetu.
885 1500 1018 1576 ¹Domus
1040 1499 1210 1588 etiam,et
1232 1498 1440 1565 concedimus

390 1600 478 1665 dicto
508 1601 654 1668 Woltero
685 1601 861 1688 maritagio
892 1601 1023 1688 pnaefati
1055 1600 1227 1677 Johnnnis,
1266 1606 1301 1665 et
1338 1602 1439 1666 etium

389 1702 598 1780 Alexandros,
615 1703 732 1768 matris
746 1724 837 1783 euoe3
858 1703 909 1768 itu
921 1703 1007 1789 quod
1024 1703 1205 1788 poenitens,
1222 1702 1280 1766 ubi
1296 1703 1439 1768 voluerit

389 1804 544 1870 moriture
569 1804 662 1890 (dum
685 1811 797 1870 tomen
826 1826 895 1871 non
928 1804 1192 1892 dispurngentur)
1217 1804 1375 1870 vetelius
1397 1807 1439 1870 do

389 1907 485 1972 dictis
508 1905 690 1992 maritagiis
705 1907 912 1972 commodum
936 1928 1031 1972 suum
1055 1905 1169 1987 facere,
1184 1912 1284 1992 prout
1308 1907 1439 1973 ratione

389 2009 514 2095 praevin
536 2007 660 2074 viderit
675 2009 887 2086 faciendum„
920 2008 966 2073 Et
988 2008 1017 2073 ei
1038 2014 1238 2074 memoratus
1259 2008 1438 2088 Johnnnes,

388 2115 567 2195 antequam
589 2111 633 2176 od
655 2115 789 2176 aetntem
811 2110 984 2195 perveniat
1006 2109 1196 2195 legitimam,
1220 2109 1258 2173 in
1288 2109 1361 2176 fate
1382 2111 1438 2176 de-

279 2252 286 2264 ·
331 2253 337 2266 ·
388 2211 491 2290 cedet,
515 2212 632 2277 demus
654 2218 689 2277 et
711 2211 916 2278 concedimus
948 2211 1123 2296 sepedicto
1152 2211 1299 2276 Wuitero
1330 2219 1438 2278 custo·

388 2313 477 2378 diem
507 2319 542 2378 et
573 2313 784 2400 mom'togium
816 2313 959 2399 proximi
994 2312 1134 2378 haeludis
1168 2312 1229 2390 sui,
1252 2317 1287 2377 et
1318 2313 1365 2379 sic
1395 2314 1437 2378 dc

387 2414 517 2480 haerede
550 2415 587 2479 in
615 2415 788 2492 haeredem,
811 2435 980 2500 usquequo
1002 2413 1124 2498 uliquis
1146 2413 1292 2500 ipsorum
1329 2414 1438 2501 legiti-

387 2536 475 2580 mem
497 2516 670 2600 perveniet
685 2515 727 2580 ad
750 2521 894 2582 aetutem.
942 2515 983 2578 in
1007 2535 1146 2600 quorum
1169 2515 1318 2601 omnium
1341 2517 1436 2581 testi·

387 2618 544 2695 monium,
575 2617 719 2702 sigillum
749 2621 900 2682 nostrum
931 2616 1149 2702 praesentibus
1171 2622 1222 2681 est
1244 2639 1434 2704 appensum.

388 2718 464 2782 Hiis
487 2719 635 2795 testibuS,
665 2718 816 2796 dominis,
849 2717 1005 2816 Philippo
1028 2718 1068 2783 de
1092 2717 1141 2782 Le
1170 2717 1280 2804 Legh',
1310 2717 1436 2785 Thomu

388 2819 653 2905 Groy,Robe1to
688 2818 788 2903 Groy,
820 2817 985 2884 Willelmo
1017 2818 1134 2904 Rydcl'
1169 2819 1339 2900 militibus,
1369 2822 1435 2886 Ro·

388 2920 481 2984 berto
519 2920 560 2983 de
593 2919 797 3003 Hagreeton‘,
830 2919 975 2985 Roberto
1009 2920 1050 2984 de
1083 2917 1251 3005 Sokpeth',
1286 2927 1321 2986 et
1351 2922 1432 2988 eliis.

386 3022 510 3086 Datum
533 3020 623 3106 cpud
649 3019 663 3106 [
772 3021 786 3106 ]
811 3018 917 3106 xviij⁰.
942 3022 996 3086 die
1020 3019 1227 3100 Novembris,
1255 3043 1343 3088 anno
1366 3024 1433 3088 Do·

387 3122 469 3186 mini
492 3121 666 3187 millesimo
685 3122 915 3187 trecentesimo
938 3121 1138 3200 duodecimo
1161 3129 1196 3188 et
1220 3121 1432 3210 pontificatue

384 3222 488 3290 nostri
511 3223 659 3290 secundo.

215 3435 345 3528 pgplcon
382 3473 460 3523 cm
485 3475 518 3522 ue
536 3472 598 3523 feria
615 3481 641 3522 et
720 3425 888 3503 Ricardum
904 3425 967 3490 Dei
990 3427 1106 3512 gratio,
1122 3428 1291 3514 episcopus
1306 3429 1431 3494 Duncl-

215 3499 360 3581 mukdnnd
383 3547 492 3590 mercato
514 3538 582 3590 villae
609 3541 641 3590 de
675 3527 966 3606 menuie,omuibus
981 3529 1024 3593 nd
1040 3551 1120 3613 quos
1136 3537 1312 3614 presentes
1326 3531 1431 3598 literne

214 3587 340 3729 ffiffpndii
384 3605 534 3671 Seggefeld’.
674 3628 892 3714 pervenerint,
908 3627 1049 3694 salutem
1064 3629 1100 3692 in
1115 3630 1265 3696 Domino.
1313 3631 1432 3698 Sciatis

214 3735 339 3789 tumescit
382 3728 479 3812 quod,
494 3729 537 3792 nd
561 3728 667 3795 nostri
689 3735 724 3794 et
746 3751 967 3794 successorum
989 3736 1186 3810 nostrorum,
1207 3733 1431 3820 episcopormn

382 3828 666 3907 Dunelmensium,
688 3836 883 3916 perpetuum
906 3833 1122 3910 commodum,
1146 3838 1180 3898 et
1202 3835 1309 3900 totius
1330 3835 1431 3900 libor·

382 3932 463 3997 tntis
482 3937 602 3998 nostrae
617 3932 884 4012 meliorationem,
901 3955 938 3998 eo
961 3935 1109 3999 omnium
1132 3934 1235 4021 ipsius
1251 3935 1431 4002 incolarum

381 4033 525 4098 maxime
544 4033 635 4100 villae
657 4041 778 4100 nostroe
801 4035 842 4099 de
865 4034 1044 4123 Seggeseld’
1071 4037 1262 4116 utilitatem,
1278 4038 1430 4105 volumus

382 4141 416 4200 ct
430 4135 645 4214 concedimus,
668 4158 727 4222 pro
750 4136 847 4201 nobie
870 4145 905 4200 et
927 4139 1165 4202 successoribus
1186 4139 1318 4217 nostrie,
1341 4141 1430 4225 quod

381 4259 485 4302 unum
508 4249 687 4304 mercatum
720 4237 765 4302 eit
792 4239 828 4301 in
862 4239 1020 4324 proedicto
1054 4239 1135 4304 villa
1166 4241 1207 4305 dc
1239 4241 1429 4328 Seggeseld',

380 4339 519 4426 singulis
542 4339 743 4425 septimunic,
765 4361 825 4427 per
847 4340 934 4405 diem
950 4341 1096 4421 Veneris,
1119 4347 1153 4407 et
1175 4365 1242 4407 una
1264 4342 1346 4410 ferie
1367 4345 1430 4410 ibi-

381 4443 454 4506 dem
478 4442 617 4528 einguiie
648 4443 753 4519 annis,
785 4463 843 4528 per
873 4443 1020 4527 quinque
1046 4444 1117 4508 dies
1148 4442 1315 4524 duratura,
1340 4445 1429 4511 vide·

379 4543 464 4620 licet,
481 4543 517 4607 in
534 4543 656 4628 vigilio,
673 4543 758 4608 etin
775 4542 837 4620 die,
854 4543 968 4608 Sancti
985 4545 1162 4625 Edmundi,
1179 4545 1429 4612 Cantuariensis

379 4646 610 4732 archicpiscopi
643 4651 677 4712 ct
699 4646 900 4725 confessoris,
935 4652 969 4711 et
1004 4669 1062 4732 per
1093 4651 1160 4712 tres
1183 4648 1254 4712 dies
1277 4649 1428 4734 proximo
1496 4710 1500 4718 .
