3570 5718
499 841 699 892 anemraun
721 840 922 894 ramrmurr
945 839 1186 892 nuuauuausn
1299 821 1364 894 947

145 1042 304 1095 nfirma
317 1030 499 1106 contentos,
521 1029 563 1094 de
592 1028 789 1114 quibusdam
830 1028 1027 1095 tenementis
1057 1028 1145 1094 iufra
1174 1027 1364 1094 libertatem
1392 1046 1515 1094 annia

316 1133 463 1196 vestram
494 1129 699 1217 episcopatus
732 1129 893 1216 praedicti,
924 1135 959 1196 et
991 1130 1100 1210 etiam,
1124 1129 1211 1216 quod
1245 1129 1364 1196 Petrus

316 1230 357 1296 de
378 1231 412 1296 la
435 1231 532 1317 Haye
563 1232 748 1297 arraniavit
777 1232 941 1318 quandam
972 1232 1071 1298 aliam
1102 1232 1236 1298 asenam
1266 1253 1364 1300 novae

315 1331 496 1416 dissaisinae
527 1353 642 1404 versus
667 1333 844 1420 maiatum
866 1334 1028 1412 comitem,
1051 1337 1086 1399 et
1108 1334 1188 1398 alios
1210 1334 1247 1398 in
1269 1333 1364 1399 brevi

315 1439 426 1499 vestro
456 1434 608 1520 originali
639 1439 821 1517 contentos,
852 1437 893 1502 de
934 1435 1133 1522 quibusdam
1166 1435 1363 1502 tenementis

315 1534 402 1600 infra
434 1534 620 1602 libertatem
644 1541 789 1604 vestram
824 1537 1037 1624 praedictam
1068 1537 1221 1624 quodque
1258 1537 1364 1602 eidem

314 1636 428 1702 comiti
460 1637 498 1702 in
527 1638 678 1728 captione
708 1640 884 1706 assisamm
913 1639 1156 1726 praedietarum,
1180 1638 1207 1703 si
1234 1638 1271 1702 in
1293 1637 1364 1723 ejus

315 1738 465 1804 absentia
496 1740 540 1804 ad
574 1761 647 1806 eam
681 1741 916 1828 proaederetur,
947 1745 1057 1828 posset
1088 1738 1363 1806 exhaeredationis

314 1840 496 1925 perieulum
511 1842 663 1923 evenire;
685 1865 744 1930 per
758 1844 855 1929 quod
868 1843 963 1908 nobis
979 1841 1186 1928 supplicavit,
1202 1845 1242 1906 ut
1263 1839 1363 1908 liuen-

314 1940 396 2006 tiam
418 1941 483 2007 sibi
505 1943 761 2024 concederemus,
778 1945 865 2031 quod
882 1966 903 2009 a
916 1944 1005 2009 dicto
1027 1943 1245 2031 parliamento
1258 1961 1363 2028 usque

314 2042 358 2106 ad
385 2042 574 2112 libertatem
602 2051 748 2112 vestram
779 2045 980 2132 praedictam,
1002 2065 1041 2110 ea
1067 2045 1108 2110 de
1131 2065 1238 2123 eausa,
1259 2042 1364 2129 possit

314 2163 348 2208 se
382 2145 583 2227 transferre;
617 2169 687 2226 nos,
733 2146 977 2212 oonsiderantes
1010 2144 1099 2231 quod
1132 2144 1274 2230 negotia,
1304 2164 1364 2228 pro

315 2245 435 2330 quibus
458 2247 586 2314 dietum
608 2249 863 2334 parliamentum
885 2248 1021 2313 fecimus
1047 2243 1255 2322 summoneri,
1277 2266 1364 2310 corn-

314 2349 490 2434 munisque
512 2350 641 2415 utilitas
670 2349 867 2436 reipublicae,
891 2371 949 2436 per
970 2348 1154 2414 absentiam
1183 2346 1288 2432 ipsius
1310 2367 1364 2412 oo·

314 2449 406 2514 mitis
432 2453 590 2536 poterunt
613 2451 783 2533 retardari,
808 2451 1021 2536 volentesque
1048 2450 1119 2535 ejus
1148 2447 1363 2514 indemnitati

314 2548 351 2614 in
380 2550 441 2618 hae
464 2557 559 2639 parte
585 2553 766 2639 providere,
788 2557 826 2619 ut
850 2559 1020 2634 tenemur;
1042 2552 1136 2618 vobis
1158 2551 1362 2628 mandamus,

314 2652 403 2736 quod
425 2655 571 2740 captioni
603 2655 778 2721 assisauum
808 2655 1049 2742 praedictarum,
1065 2675 1168 2740 usque
1190 2658 1266 2740 post
1288 2674 1363 2738 par·

314 2753 510 2822 liamentum
533 2758 727 2844 praediotum
749 2757 892 2836 finitum,
907 2755 1112 2844 supersederi
1131 2755 1268 2822 faciatis.
1317 2753 1362 2818 Et

313 2857 374 2924 hoo
395 2859 585 2926 nullatenus
609 2860 785 2927 omittatis.
831 2859 938 2938 Teste,
960 2859 984 2924 J
986 2859 1115 2924 ohanne
1143 2853 1361 2923 Bathoniensi

312 2966 346 3026 et
376 2959 522 3027 Vellensi
540 2962 699 3050 episeopo,
721 2962 811 3048 apud
839 2960 1176 3039 westmonasterium,
1206 2958 1275 3043 xvj.
1306 2958 1359 3022 die

189 3135 200 3150 ³
313 3061 337 3126 J
340 3061 408 3141 ulii,
441 3085 528 3130 anno
561 3065 654 3152 regni
692 3065 798 3130 nostri
830 3064 978 3151 septimo
1050 3062 1113 3128 Per
1143 3065 1252 3128 totum
1283 3081 1359 3127 oon·

312 3163 430 3231 silium.
808 3201 814 3214 ·

313 3400 394 3451 Breve
405 3415 450 3465 pro
467 3399 580 3453 Henneo
658 3371 842 3438 Edwardus
864 3375 934 3453 eta,
959 3367 1171 3436 venerabili
1161 3389 1198 3432 ιιι
1226 3365 1359 3434 Christo
1372 3383 1504 3478 reapse.

314 3467 446 3533 dePeroy.
613 3475 711 3561 prist,
744 3478 803 3539 eto
863 3471 949 3539 Cum
987 3491 1046 3556 pro
1083 3469 1195 3535 arduis
1217 3443 1487 3578 negotiisavidr'ar
1412 3536 1494 3588 mue

312 3599 372 3644 nos
394 3585 429 3647 et
451 3585 578 3646 statum
601 3577 696 3665 regni
727 3579 802 3640 nost
802 3575 832 3639 ri
863 3571 1141 3660 contingentibus,
1164 3569 1361 3656 parliamen-
1373 3534 1456 3638 sitii

315 3685 390 3746 tum
412 3687 574 3762 nostrum,
591 3679 678 3768 apud
700 3675 1041 3755 westmonasterium,
1063 3693 1170 3759 nuper
1190 3671 1361 3738 feeerimffl

314 3785 523 3862 summoneri,
546 3783 636 3869 quod
657 3802 725 3848 non
747 3777 953 3844 intendimus
967 3798 1026 3842 vos
1040 3774 1153 3854 latere,
1168 3795 1206 3842 ae
1221 3773 1361 3840 dilectus

314 3891 349 3950 et
371 3884 479 3951 fidelis
499 3890 618 3962 noster,
635 3883 802 3950 Hemious
817 3881 858 3946 de
872 3879 985 3966 Porey,
1000 3877 1124 3944 ibidem
1147 3875 1360 3942 demandato

313 3992 437 4067 nostro,
459 4009 534 4056 eum
565 3986 713 4074 praelatis
744 3987 779 4049 at
815 3983 890 4050 aliis
921 3980 1108 4068 proceribus
1129 3977 1224 4064 regni
1245 3975 1359 4054 nostri,

313 4111 374 4176 pro
389 4090 490 4156 dietis
505 4089 649 4176 negotiis
660 4088 731 4174 jam
746 4085 868 4151 existat
883 4107 892 4162 ;
907 4089 940 4148 et
955 4082 1051 4148 nobis
1066 4080 1195 4146 dederit
1209 4076 1360 4165 intelligi,

313 4191 403 4276 quod
417 4191 568 4277 quadam
583 4190 687 4257 assisa
708 4209 804 4254 novae
827 4184 1009 4250 dissaisinae
1031 4181 1232 4249 arrainiatur
1245 4201 1361 4246 versus

314 4313 398 4372 eum,
422 4299 458 4358 et
490 4293 572 4360 alios
605 4293 641 4358 in
676 4289 770 4355 brevi
792 4292 904 4353 vestro
927 4283 1081 4372 originali
1113 4285 1295 4360 eontentos,
1318 4282 1360 4348 de
1398 4299 1491 4346 areae.

313 4395 510 4482 quibusdam
532 4394 739 4471 tenementis,
762 4390 850 4456 infra
864 4388 1054 4453 libertatem
1070 4390 1215 4452 vestram
1237 4383 1361 4470 episeo-

311 4504 409 4585 patus
443 4496 617 4584 predium
639 4495 792 4582 quodque
823 4491 928 4556 eidem
964 4487 1109 4555 Henrioo
1143 4487 1179 4550 in
1211 4487 1361 4573 captione
1451 4579 1455 4586 ἱ

312 4601 422 4666 assises
445 4599 621 4686 praediotre,
645 4597 672 4662 si
707 4597 743 4661 in
770 4595 840 4681 ejus
874 4591 1024 4666 absentia
1045 4590 1087 4656 ad
1110 4611 1185 4655 eum
1207 4589 1360 4676 proaede-

312 4709 411 4782 retur,
443 4707 555 4791 posset
588 4696 863 4767 exhaeredationis
908 4693 1088 4782 periurlum
1112 4691 1243 4760 evenire
1255 4717 1264 4776 ;
1302 4711 1361 4780 per

1165 4799 1226 4861 s2
