3530 5708
495 775 695 826 arorsrsuu
717 773 923 826 rimaraum
944 775 1186 828 uurmmrsu.
1300 760 1364 831 791

135 976 466 1034 mflrmseonmissio
481 977 572 1031 aaa·
628 962 796 1044 Ricardus,
829 963 1041 1052 permissione
1078 964 1202 1042 divina
1239 963 1367 1030 Dunol-
1395 975 1519 1026 surore.

315 1045 508 1174 3ῐῇᾟὲῙὶ
516 1048 550 1164 {1¹2
581 1068 704 1132 mensis
733 1067 914 1155 episcopus,
938 1066 1068 1134 dilectis
1093 1066 1179 1148 filiis,
1203 1067 1368 1154 magistr&
1379 1043 1534 1154 admisu

251 1149 257 1162 '
316 1176 399 1230 coes.
585 1169 751 1237 wilelmo
783 1171 824 1236 ss
856 1167 1049 1257 wacham,
1080 1169 1204 1234 uesano
1240 1157 1531 1256 nugaciter,

317 1274 417 1350 cestr,
440 1275 476 1338 et
497 1271 638 1338 Ricardo
660 1271 702 1337 de
726 1271 833 1351 Ootes,
863 1271 983 1338 rectori
1004 1269 1147 1338 ecclesiae
1170 1271 1211 1337 de
1234 1207 1536 1354 aloen-agdi&

318 1375 395 1454 ton’,
419 1375 567 1456 salutem,
590 1374 734 1462 gratiam
763 1379 798 1440 et
826 1374 1097 1440 benedictionem.
1143 1372 1229 1440 Cum
1255 1373 1368 1440 dilecti

320 1475 389 1556 filii,
411 1477 570 1564 magister
592 1477 735 1544 Thomas
756 1477 799 1542 de
822 1475 978 1557 Olifford’,
997 1475 1150 1554 decanus,
1165 1479 1200 1541 et
1215 1476 1368 1542 dominus

317 1578 358 1644 H.
375 1579 416 1644 de
438 1580 554 1646 Monte
575 1579 666 1658 Alto,
681 1579 838 1666 magister
859 1577 1043 1665 Hospitalis
1065 1577 1106 1644 do
1129 1577 1266 1665 Kypier,
1282 1599 1366 1663 prae·

319 1681 495 1748 bendarius
524 1683 705 1770 collegiatae
727 1681 869 1748 eeclesias
898 1686 1019 1748 nostrae
1041 1680 1082 1747 de
1112 1679 1309 1762 Aukeland',
1332 1703 1366 1747 se

319 1805 416 1871 super
440 1785 516 1871 jure
546 1785 749 1873 percipiendi
777 1785 934 1871 quasdam
969 1781 1111 1849 deciniss
1135 1783 1365 1871 provenienses

320 1887 359 1951 de
381 1888 478 1954 certis
501 1887 580 1953 locis
602 1887 690 1954 infra
718 1887 905 1974 parochiam
928 1885 1026 1952 dictae
1048 1884 1190 1952 ecclesiae
1219 1885 1365 1951 existen-

317 1987 414 2067 tibus,
438 2010 520 2076 quas
536 1990 696 2056 alterutra
717 2009 794 2077 pars
816 1990 859 2054 od
882 2010 916 2054 ae
939 1987 1058 2054 asserit
1079 1988 1252 2075 pertinere,
1274 2009 1364 2075 pure,

318 2094 433 2176 sponte
463 2096 498 2156 et
527 2091 728 2180 simpliciter,
757 2095 880 2157 nostras
912 2089 1114 2156 ordinationi
1147 2088 1366 2166 submiserint,

316 2195 350 2255 et
373 2191 512 2271 decreto,
534 2215 594 2259 nos
629 2193 787 2272 volentes,
809 2214 870 2280 pro
899 2192 1034 2278 justitia
1055 2192 1092 2256 in
1121 2189 1186 2255 hiis
1216 2190 1366 2276 partibus

315 2292 450 2359 celerius
465 2294 660 2374 exhibenda,
684 2317 784 2382 super
804 2294 948 2360 veritate
966 2292 1053 2379 juris
1067 2291 1240 2378 utriusque
1261 2292 1366 2378 partis

314 2396 350 2460 in
371 2397 546 2482 praemissis
568 2397 697 2484 plenius
726 2397 908 2477 informari,
931 2395 1036 2475 vobis,
1060 2394 1101 2460 de
1123 2414 1263 2480 quorum
1285 2394 1366 2460 fide-

211 2528 215 2535 <
314 2497 408 2565 litate
425 2503 461 2565 et
482 2499 716 2587 circumspecta
737 2498 904 2565 industria
925 2495 1081 2562 fiduciam
1103 2494 1299 2574 obtinemus,
1321 2495 1365 2562 sd

314 2600 546 2686 inquirendum
584 2603 625 2667 de
657 2601 734 2686 jure
771 2601 934 2666 dictarum
971 2599 1118 2686 partium
1155 2597 1194 2664 in
1230 2597 1365 2664 decimis

314 2703 511 2784 memoratis,
527 2706 562 2767 et
584 2702 767 2769 demeritis
783 2724 821 2768 sc
836 2700 1093 2768 circumstantiis
1107 2698 1212 2766 totius
1226 2698 1362 2787 negotii,

314 2806 355 2870 de
387 2806 484 2892 pleno
518 2811 552 2872 et
588 2806 659 2872 sine
690 2805 833 2891 strepitu
861 2803 1022 2891 judiciali,
1056 2823 1114 2890 per
1144 2822 1257 2868 omnes
1290 2801 1364 2867 vias

313 2906 420 2974 licitas
454 2907 575 2994 quibus
606 2907 759 2974 videritis
792 2906 957 2993 expedire,
991 2908 1026 2971 et
1057 2905 1136 2990 jura
1173 2903 1364 2988 hujusmodi

315 3010 580 3090 examinandum,
604 3016 640 3078 et
661 3009 756 3076 nobis
778 3029 818 3075 ea
839 3029 914 3095 quse
934 3006 1138 3083 inveneritis,
1159 3005 1303 3072 feceritis
1325 3005 1363 3069 in

313 3112 386 3192 hiis,
415 3118 451 3178 et
485 3112 652 3179 senseritis
684 3110 898 3190 referendum,
930 3110 970 3175 de
1005 3129 1165 3174 consensu
1199 3107 1363 3173 dictarum

312 3214 465 3300 partium,
480 3214 718 3280 committimus
736 3213 829 3279 vices
851 3215 989 3290 nostras,
1011 3209 1086 3277 oum
1108 3208 1283 3276 coercionis
1306 3230 1362 3294 po·

312 3321 442 3397 testate,
480 3317 676 3382 mandantes
713 3319 884 3402 quatenus,
907 3312 987 3378 locis
1020 3312 1061 3378 de
1095 3310 1214 3398 quibus
1252 3310 1364 3396 agitur

314 3419 468 3506 subjectis
502 3418 604 3484 oculis
627 3417 755 3498 vestris,
785 3416 828 3481 ed
857 3414 1107 3502 inquisitionem
1130 3417 1165 3478 et
1194 3411 1363 3476 examina·

317 3522 440 3588 tionem
463 3522 545 3589 dicti
568 3522 695 3608 negotii
717 3519 867 3588 celeriter
888 3517 1081 3605 procedatis,
1098 3518 1133 3581 et
1155 3535 1194 3580 ea
1216 3535 1291 3600 quae
1312 3513 1364 3578 iu-

315 3624 480 3707 veneritis,
506 3623 650 3690 feceritis
672 3626 706 3689 et
728 3621 906 3699 senseritis,
929 3621 966 3684 in
989 3617 1119 3696 eisdem,
1146 3614 1301 3681 distincte
1330 3618 1365 3682 et

314 3734 434 3814 aperte,
449 3728 534 3793 citra
553 3725 682 3791 instans
704 3725 826 3791 festum
843 3719 1046 3790 Nativitatis
1070 3718 1184 3787 Sancti
1199 3718 1223 3784 J
1223 3715 1363 3784 ohannis

315 3829 485 3914 Baptistae,
507 3827 612 3909 nobis,
634 3826 824 3912 ubicunque
846 3830 927 3892 tunc
949 3822 1115 3901 fuerimus,
1136 3819 1294 3900 referatis,
1328 3831 1363 3886 et

317 3928 418 3994 etiam
452 3933 599 3995 constare
629 3927 760 4017 plenius
796 3927 933 4006 faciatis,
957 3947 1015 4013 per
1048 3927 1175 3988 vestras
1211 3927 1364 4008 patentes

311 4031 432 4114 literar,
454 4030 570 4097 harum
593 4031 708 4098 seriem
730 4031 944 4098 continentes.
989 4025 1118 4091 Datum
1139 4021 1229 4110 apud
1251 4021 1362 4109 Rych-

311 4133 372 4212 ale,
396 4134 452 4200 ix⁰.
475 4134 528 4200 dio
550 4134 654 4213 Junii,
675 4153 763 4200 anno
790 4131 927 4198 Domini
948 4127 1122 4196 millesimo
1143 4123 1296 4212 oocuvjs,
1327 4128 1362 4190 et

317 4236 566 4305 consecrationis
588 4239 711 4304 nostrae
734 4238 836 4302 sexto.

310 4490 395 4544 cmm
466 4493 472 4506 .
598 4437 799 4506 Reverendae
816 4431 1019 4502 dismetionis
1033 4431 1115 4510 viro,
1139 4479 1147 4498 .
1169 4480 1177 4498 .
1199 4480 1206 4496 .
1231 4426 1360 4496 officiali
1371 4445 1502 4512 cernae

395 4499 518 4544 &tonum
1370 4500 1528 4555 etthebrshop

310 4560 383 4636 curia
422 4561 517 4611 Ebora·
553 4545 652 4612 curiae
674 4538 898 4618 Eboracensis,
922 4535 998 4603 sede
1016 4536 1165 4613 vacante,
1189 4531 1357 4620 Ricardus,
1369 4551 1394 4643 pp
1400 4551 1528 4646 ε1111(ιέιὸιέἱώ

304 4640 400 4689 m·
553 4643 765 4734 permissione
787 4640 911 4720 divina,
932 4635 1165 4705 Dunolmeusis
1179 4635 1356 4725 episcopus,
1369 4613 1527 4748 gppgrpppe

372 4745 373 4748 Ὗ
1370 4749 1485 4850 aas
