3468 5704
372 807 438 879 702
555 823 751 874 nsorsrsmr
774 819 975 871 rsusmruu
998 817 1239 870 nuusnumss.

223 1023 344 1070 annus.
373 1031 407 1076 se
430 1011 473 1075 ad
497 1010 538 1076 lx.
571 1009 699 1076 solidos.
747 1007 844 1084 Item,
866 1007 982 1073 dicunt
1016 1006 1103 1093 quod
1125 1005 1237 1071 deficit
1259 1001 1307 1070 ibi
1329 1023 1418 1090 quae·
1432 1011 1558 1066 sauma
1571 1015 1593 1058 ⁴·

375 1112 450 1178 dam
474 1111 595 1178 cellura
617 1110 714 1188 chori,
738 1129 812 1196 quse
834 1109 979 1195 reparari
1001 1129 1069 1173 non
1090 1111 1202 1194 potest
1224 1127 1284 1193 pro
1306 1104 1350 1191 vj.
1361 1103 1416 1184 ll.;

373 1215 519 1280 desectus
552 1213 747 1278 utensilium
778 1231 852 1300 qum
874 1209 998 1277 ibidem
1032 1209 1193 1274 dimisisse
1216 1207 1417 1287 debuissent,

373 1316 562 1382 extendunt
584 1337 619 1381 se
640 1316 683 1380 sd
706 1315 749 1380 lx.
772 1335 795 1380 9.
849 1313 890 1377 Iu
912 1334 1053 1399 quorum
1075 1311 1224 1378 omnium
1247 1316 1282 1377 et
1304 1311 1416 1396 singu-

372 1417 480 1484 lorum
499 1415 735 1495 testimonium,
751 1415 811 1480 has
826 1413 941 1479 literas
963 1419 1092 1480 nostras
1115 1413 1210 1480 vobis
1224 1413 1418 1479 transmitto

372 1620 490 1696 suarii,
513 1641 601 1686 anno
624 1618 760 1685 Domini
784 1618 980 1704 supradicto.

208 1842 343 1895 9999999
372 1825 485 1904 Liccpna
531 1823 654 1903 ruemspi-
733 1825 928 1905 Willelmus,
951 1825 1163 1912 permissione
1186 1825 1308 1902 divina,
1332 1823 1417 1889 Ebo-

205 1895 352 2038 iffpp'ffihe
371 1892 654 2009 {ffffissfflffi
686 1927 828 1993 recensis
850 1927 1117 2014 archiepiscopus,
1132 1927 1265 2015 Angliae
1287 1927 1419 2013 primas,

205 2044 349 2140 fflflggfto
372 2025 572 2090 deBrompcon’.
684 2029 864 2096 venerabili
888 2031 925 2094 in
948 2029 1081 2096 Christo
1104 2031 1201 2096 fratri
1220 2035 1341 2110 nostm,
1361 2029 1418 2093 do-

204 2145 321 2239 9990919
373 2131 462 2194 mino
472 2130 621 2206 Ricanlo,
633 2129 697 2195 Dei
707 2131 825 2220 gratia,
836 2131 1052 2198 Dunolmensi
1061 2132 1218 2220 episcopo,
1230 2132 1369 2196 salutem
1385 2137 1418 2195 91

205 2245 329 2290 massua
374 2233 529 2299 fraternae
544 2232 691 2298 caritatis
713 2234 751 2297 in
773 2234 917 2300 Domino
941 2234 1136 2300 continuum
1169 2235 1416 2300 incrementum.

206 2295 334 2388 pampo
375 2334 530 2402 Precibus
552 2334 673 2398 vestris
697 2334 924 2402 favorabiliter
952 2337 1111 2415 inclinati,
1134 2341 1174 2401 ut
1203 2337 1343 2401 instanti
1365 2337 1418 2402 die

207 2395 356 2441 ursanum.
375 2436 515 2502 Sabbati
536 2441 554 2470 “
567 2436 718 2516 Quatuor
734 2437 960 2524 Tempcrum,'’
975 2439 1012 2504 in
1026 2439 1144 2526 vigilia
1158 2437 1332 2503 lbinitatis
1347 2460 1419 2525 pos-

374 2537 448 2602 sitis
463 2537 634 2602 dominum
646 2537 1420 2628 1191911919(19Β99199199ζ199191919999199199

374 2640 415 2704 de
430 2637 643 2717 middelhem,
668 2645 788 2706 nostras
811 2641 969 2720 dioecesis,
993 2644 1036 2707 ad
1059 2642 1251 2708 diaconatus
1274 2642 1420 2707 ordinem

374 2762 574 2829 promovere,
589 2741 758 2807 licentiam
774 2743 869 2808 vobis
891 2744 1097 2810 concedimus
1119 2743 1310 2830 specialem3
1335 2765 1421 2809 com-

374 2843 528 2907 missione
551 2848 674 2924 nostra,
698 2844 826 2909 dudum
841 2844 936 2910 vobis
963 2846 1108 2912 limitata
1130 2847 1172 2912 ad
1187 2847 1319 2911 ordines
1340 2847 1421 2912 cele-

364 2943 518 3038 brandos
541 2945 594 3009 die
617 2945 784 3030 praedicto,
799 2967 1008 3032 nequaquam
1030 2948 1191 3014 obstante.
1237 2947 1421 3016 Conservet

375 3067 434 3112 vos
449 3045 641 3112 Altissimus
657 3047 700 3112 ad
724 3049 867 3114 ecclesiae
889 3053 1009 3115 vestrae
1032 3049 1178 3138 regimen
1200 3055 1234 3115 et
1256 3051 1420 3116 honorem.

375 3149 501 3213 Datum
524 3149 612 3235 apud
628 3150 766 3228 Lanam,
792 3149 865 3236 xij0.
890 3152 943 3216 die
968 3151 1062 3232 Maii,
1084 3153 1296 3238 pontificatus
1317 3153 1421 3221 nostri

374 3271 462 3316 anno
484 3251 618 3317 decime.

211 3477 521 3544 winstsonsesignnio
538 3475 638 3530 vim
718 3451 911 3518 Reverendo
949 3453 1037 3538 patri
1067 3453 1103 3517 in
1126 3453 1265 3532 Christo,
1290 3454 1421 3520 domino

209 3532 346 3634 ilelhssfflf
376 3547 407 3596 ‘¹0
418 3547 515 3596 Felton.
673 3553 823 3634 Ricardo,
836 3554 901 3618 Dei
914 3555 1030 3641 gratia,
1039 3555 1255 3621 Dunolmensi
1265 3557 1422 3644 episc0p0,

209 3631 330 3724 1111111η
377 3683 463 3740 suus,
488 3662 516 3724 si
541 3661 658 3747 placet,
683 3657 819 3724 humilis
843 3661 877 3720 et
899 3655 1043 3737 votivus,
1066 3655 1167 3722 frater
1188 3657 1358 3725 Johannes
1381 3659 1422 3723 de

210 3731 331 3796 mm·
378 3759 545 3841 Dcxford',
567 3767 748 3848 perpetuus
769 3758 912 3824 vicarius
934 3757 1079 3824 ecclesiae
1102 3759 1142 3824 de
1165 3758 1300 3840 Felton’,
1326 3761 1418 3826 Dun-

379 3866 531 3932 olmensis
554 3866 712 3942 dioecesis,
735 3864 884 3941 salutem,
907 3867 942 3927 91
964 3868 1034 3927 tam
1065 3863 1220 3929 devotam
1243 3887 1342 3951 quam
1365 3866 1421 3930 (19-

377 3970 482 4035 bitam
520 3970 557 4036 in
594 3968 747 4035 omnibus
777 3965 1001 4030 obedientiam
1031 3971 1066 4030 et
1087 3969 1315 4048 reverentiam,
1347 3991 1422 4034 cum

376 4073 506 4138 honore.
551 4072 662 4137 Variis
685 4068 828 4156 corporis
859 4066 1088 4132 debilitatibus
1112 4070 1320 4156 praepeditus,
1344 4091 1423 4156 quo-

377 4176 488 4241 minus
503 4197 589 4241 curae
613 4180 649 4240 et
664 4169 879 4238 sollicitudini
895 4170 993 4235 dictae
1008 4170 1141 4237 vicariae
1156 4171 1423 4239 incumbentibus

377 4299 493 4344 vacare
531 4283 654 4364 potero,
680 4281 719 4340 ut
741 4273 878 4349 deceret,
900 4273 1037 4338 candem
1059 4273 1215 4340 vicariam
1238 4275 1275 4340 in
1297 4281 1423 4342 vestras

377 4402 483 4446 sacras
498 4402 624 4458 manus,
639 4399 727 4467 pure,
753 4379 880 4462 sponte,
897 4375 1089 4461 simpliciter
1111 4380 1146 4441 et
1169 4376 1326 4456 absolute,
1349 4399 1423 4442 cum

376 4481 528 4545 omnibus
573 4481 640 4546 suis
673 4478 804 4566 juribus
836 4482 870 4543 et
907 4476 1124 4564 pertinentiis,
1164 4481 1318 4565 omnique
1347 4479 1424 4565 jure

375 4581 459 4648 mihi
480 4583 516 4646 in
539 4582 662 4664 ea,ch
691 4581 735 4646 ad
769 4581 914 4659 eandem,
948 4582 1172 4668 competitore,
1204 4583 1334 4670 resigno
1366 4605 1425 4671 per

376 4690 573 4772 praesentes;
595 4689 740 4750 vestram
755 4683 975 4749 venerabilem
998 4685 1233 4771 paternitatem
1256 4686 1375 4752 devote
1391 4693 1425 4753 et
