3506 5702
415 870 419 877 ,
479 819 679 872 enorsrnmr
701 817 905 871 remrmnn
928 820 1170 872 brennensem
1286 803 1351 875 799

132 1012 469 1099 inermsBeptistae,
504 1031 591 1077 anno
624 1009 718 1098 regni
752 1009 838 1098 regis
869 1009 1028 1076 Edwardi
1063 1010 1178 1096 xxiij⁰.,
1200 1030 1265 1096 quo
1296 1008 1350 1076 die
1383 1018 1508 1067 Mum·

301 1114 480 1202 praediotus
513 1113 683 1200 episeopus
714 1111 792 1178 illas
821 1112 972 1194 intravit,
1004 1113 1127 1198 absque
1157 1111 1353 1178 liberatione

302 1217 438 1303 alicujus
453 1214 582 1282 seisinae
605 1214 636 1279 ei
657 1236 716 1302 per
730 1213 926 1302 praediotum
945 1213 969 1279 J
970 1214 1133 1280 ohannem
1148 1215 1189 1280 de
1204 1214 1355 1293 Balliolo,

305 1318 358 1384 vel
390 1338 473 1394 suos,
504 1317 614 1397 faeta,
657 1315 784 1383 ratione
820 1315 992 1402 eujusdam
1026 1316 1264 1399 conventionis,
1297 1337 1355 1403 per

305 1421 386 1486 duos
406 1440 510 1486 annos
533 1423 612 1484 ente
634 1417 760 1483 dietum
775 1418 898 1504 festum
921 1417 1063 1496 Natalis,
1077 1417 1165 1483 inter
1179 1439 1235 1484 eos
1249 1418 1355 1497 feotae,

305 1543 365 1609 pro
395 1521 519 1587 auxilio
552 1520 635 1586 dieti
665 1519 808 1607 episcopi
838 1519 998 1602 habende,
1022 1520 1065 1586 ed
1096 1519 1356 1608 recuperandum

304 1629 426 1690 terrem
441 1621 569 1688 Sootiae,
614 1623 660 1688 Et
674 1621 843 1688 sciendum
858 1621 947 1708 quod
958 1621 1039 1687 ville
1053 1621 1095 1688 de
1110 1621 1355 1709 Lengeneuton'

162 1749 166 1756 ·
305 1730 424 1812 prester
438 1724 610 1811 praediotas
625 1723 736 1790 decem
750 1723 887 1790 libretes
901 1723 1058 1807 redditus,
1075 1745 1156 1810 ques
1171 1723 1298 1792 Alenus
1313 1724 1355 1789 de

306 1825 459 1892 TesedoIe
469 1831 570 1908 tenet,
586 1831 626 1890 ut
640 1826 836 1912 praediotum
851 1831 910 1904 est,
921 1825 1009 1892 valet
1023 1846 1082 1913 per
1096 1847 1221 1892 annum
1237 1826 1273 1892 in
1288 1847 1354 1892 om-

305 1927 403 1994 nibus
418 1927 564 1994 exitibus
578 1925 704 1995 mot.
728 1926 812 2013 iij.e.
835 1927 922 2014 xjo.
980 1927 1075 2010 Item,
1091 1927 1173 1994 ville
1195 1928 1238 1994 de
1264 1928 1355 1993 Neu-

305 2051 374 2095 som
396 2030 488 2096 velet
509 2051 568 2116 per
589 2051 715 2095 annum
736 2051 791 2097 xv.
803 2029 838 2097 rt.
862 2051 894 2096 v.
904 2027 935 2096 d.
951 2027 1007 2109 ob,
1037 2035 1107 2096 tam
1138 2031 1175 2096 in
1204 2030 1356 2106 denariis,

306 2155 404 2218 quem
418 2132 524 2198 bledo.
555 2131 651 2210 Item,
662 2131 814 2217 quaedem
828 2131 953 2217 capelle
965 2130 1003 2195 in
1017 2131 1196 2196 dictaville
1210 2131 1251 2198 de
1266 2131 1357 2196 Neu-

306 2257 384 2314 som,
399 2255 474 2321 quae
487 2234 554 2300 fuit
568 2235 609 2300 de
624 2233 840 2301 edvooetione
854 2233 936 2300 dioti
957 2232 981 2298 J
982 2231 1120 2299 ohannis
1142 2233 1184 2299 do
1206 2232 1354 2314 Bauiolo,

307 2339 359 2404 die
373 2357 439 2424 quo
453 2335 631 2423 praediotus
645 2335 815 2424 episeopus
838 2335 981 2401 intravit
1004 2335 1178 2421 predictas
1192 2334 1290 2402 villos
1313 2335 1354 2401 de

307 2437 549 2526 Langeneuton’
583 2442 618 2503 et
647 2437 803 2520 Neusom,
826 2438 959 2504 veoevit
988 2442 1104 2524 postea
1132 2457 1191 2525 per
1213 2441 1353 2503 mortem

307 2540 467 2627 Stephani
500 2538 669 2626 ospelleni,
703 2539 761 2625 qui
794 2538 887 2604 illem
918 2540 1038 2618 tenuit,
1072 2539 1113 2606 de
1149 2540 1236 2605 dono
1274 2539 1355 2606 dieti

306 2642 471 2708 Johennis
493 2641 534 2708 de
556 2641 714 2722 Balliolo;
736 2660 835 2728 quam
857 2641 990 2727 quidem
1013 2641 1172 2728 ospellem
1195 2640 1352 2729 praefetus

307 2745 475 2832 episeopus
497 2743 639 2812 eontulit
661 2743 792 2810 cuidem
814 2742 979 2809 Willelmo
993 2743 1024 2810 le
1041 2743 1140 2824 Reus,
1155 2743 1271 2812 clerieo
1286 2765 1368 2826 suo,

306 2852 340 2913 et
362 2846 451 2912 velet
473 2867 531 2934 per
564 2867 689 2913 annum
723 2845 834 2912 deoem
856 2866 991 2927 merres,
1012 2867 1073 2932 pro
1099 2845 1220 2933 quibus
1243 2851 1353 2913 eustos

307 2949 452 3035 ejusdem
474 2953 630 3014 oneratur
651 2946 800 3014 invenire
818 2947 983 3033 quendem
1005 2947 1218 3035 ospellnnum,
1231 2949 1355 3014 ibidem

306 3050 421 3116 divine
443 3037 674 3116 celebrantem
714 3047 761 3115 Et
782 3049 906 3131 ditunt,
923 3049 1011 3135 quod
1036 3050 1111 3118 alise
1133 3050 1223 3119 villae
1245 3053 1356 3120 subse·

307 3158 453 3239 quentes,
485 3155 669 3239 spectantes
700 3151 744 3217 ed
778 3151 900 3218 dietam
931 3151 1102 3220 baroniam
1135 3159 1169 3220 et
1200 3160 1353 3234 oestrum,

307 3254 441 3320 fuerunt
471 3254 507 3319 in
537 3253 657 3320 seisine
686 3252 837 3340 praedicti
870 3252 1042 3337 Johennis‚
1077 3256 1114 3319 in
1150 3254 1241 3324 dioto
1269 3256 1354 3323 festo

308 3357 450 3440 Natalis,
472 3361 507 3423 et
529 3362 643 3444 posteo
666 3376 769 3442 usqne
791 3355 913 3422 festum
936 3357 1052 3424 Sancti
1074 3355 1214 3424 Martini
1240 3381 1354 3448 supre-

309 3458 443 3537 diotum,
464 3479 551 3524 anno
585 3457 693 3543 xxiij0.
722 3456 869 3538 finiente,
893 3457 947 3523 die
978 3479 1044 3543 quo
1078 3458 1284 3526 devenerunt
1314 3461 1357 3526 ed

307 3583 424 3629 monus
446 3561 597 3651 episcopi,
619 3565 779 3646 tenqusm
801 3558 985 3638 forisfeotae,
1007 3565 1047 3626 ut
1069 3565 1164 3648 petet
1186 3562 1336 3649 superius
1348 3589 1357 3644 ;
1496 3643 1503 3656 ι

307 3663 470 3742 videlieet,
485 3664 560 3730 duee
582 3666 693 3749 portes
717 3661 816 3748 burgi
840 3659 949 3729 Oestri
972 3662 1141 3748 Bernerdi,
1172 3685 1247 3730 oum
1273 3665 1354 3731 dus-

307 3764 368 3831 bus
397 3765 547 3852 partibus
580 3763 718 3850 proficui
740 3763 887 3846 merenti,
909 3763 1002 3832 ferire
1025 3770 1059 3832 et
1080 3765 1352 3846 molendinorum,

308 3887 382 3950 quae
399 3866 512 3932 valent
534 3879 741 3953 perannum
763 3864 895 3953 xxxiiij.
909 3863 945 3934 tt.
969 3866 1040 3952 xiij.
1049 3889 1073 3934 e.
1097 3867 1156 3953 iiij.
1169 3867 1201 3934 d.
1258 3869 1354 3948 Item,

297 3966 385 4052 ¹vj¹³=.
418 3987 509 4034 aoros
549 3971 645 4035 terroe
686 3967 858 4036 dominioae
899 3968 940 4034 de
981 3969 1095 4035 eodem
1136 3974 1250 4050 oestro,
1284 3992 1358 4057 quse

308 4070 423 4135 valent
445 4091 503 4156 per
522 4092 646 4137 annum
668 4071 711 4156 vj.
722 4069 759 4138 li.
804 4071 900 4150 Item,
922 4071 1072 4138 redditus
1094 4071 1205 4138 assiste
1226 4071 1267 4138 de
1290 4071 1358 4138 feo·

308 4172 360 4238 dis
383 4170 482 4238 oestri
503 4172 616 4239 velent
637 4194 694 4258 per
716 4195 842 4239 annum
871 4172 965 4259 lxxij.
975 4194 998 4241 e.
1055 4172 1151 4253 Item,
1180 4173 1240 4260 iiij.
1262 4174 1357 4242 librae

309 4274 440 4362 piperis,
454 4272 509 4360 vij.
532 4273 626 4340 librae
648 4272 770 4356 oimini,
787 4279 821 4340 et
836 4273 870 4359 ij.
886 4293 1034 4360 oeponee,
1049 4275 1091 4342 de
1114 4274 1228 4342 eodem
1250 4275 1354 4355 feodo,

309 4399 367 4464 per
380 4397 514 4443 annum.
560 4375 646 4442 Item
668 4375 743 4442 duee
765 4378 876 4461 partes
891 4375 981 4461 paroi
1004 4381 1039 4442 et
1060 4375 1231 4443 bosoorum
1247 4377 1357 4462 Qestri

309 4480 477 4559 Bemordi,
499 4477 615 4545 velent
648 4499 706 4565 per
736 4498 862 4543 annum
884 4476 988 4546 xxti.
1042 4478 1140 4558 Item,
1162 4479 1356 4549 Middelton'

308 4583 344 4648 in
366 4581 529 4662 Tesedele,
552 4603 627 4648 oum
649 4580 845 4660 hemelettis,
868 4579 959 4646 velet
988 4601 1046 4666 per
1076 4603 1201 4648 annum
1226 4584 1263 4650 in
1284 4585 1358 4652 red-

310 4685 433 4751 ditibus
467 4683 585 4766 assisae,
616 4682 721 4748 firmis
752 4687 787 4748 ot
818 4681 892 4747 eliis
922 4682 1077 4761 exitibus,
1112 4684 1226 4770 xvj.bt
1251 4687 1356 4776 xiij.⁸⁸

310 4786 409 4872 vijd,
426 4807 480 4874 qo.
537 4786 632 4864 Item,
670 4784 927 4871 egistementum
972 4782 1101 4854 forestte
1138 4787 1179 4854 de
1220 4789 1357 4859 Tesdele
