3502 6108
428 663 514 728 1242
605 678 804 728 numeraris
826 677 1028 728 susurrus
1050 677 1294 729 nursinensis

272 879 394 924 Anicia
423 866 533 932 diotue
556 867 726 932 Johannes
747 867 890 954 sigillum
914 889 1009 932 suum
1026 867 1188 954 apposuit.
1234 867 1311 932 Hiis
1325 868 1475 944 testibus
1489 887 1637 941 suspen

424 969 574 1046 dominis,
608 969 734 1034 Thema
763 970 804 1034 de
827 969 966 1049 Oolvill’,
989 969 1181 1035 Alexandro
1203 969 1243 1034 de
1267 967 1365 1046 Cave,
1388 969 1477 1033 mili·

422 1071 522 1152 tibus,
547 1071 682 1136 Matheo
705 1071 857 1157 Dauney,
878 1071 1034 1156 ¹Johanne
1057 1072 1098 1136 de
1129 1070 1226 1148 cave,
1249 1069 1402 1136 Johanne
1432 1071 1477 1135 de

422 1171 503 1236 Bele
536 1173 616 1237 Ewe
648 1173 688 1237 de
721 1173 880 1250 Ellerker‚
902 1178 937 1238 et
968 1173 1049 1238 aliis.
1103 1171 1229 1237 Datum
1252 1173 1341 1258 apud
1364 1171 1476 1237 Even-

421 1275 514 1349 wod’,
539 1273 694 1338 vicesimo
727 1274 781 1339 die
812 1273 1011 1354 Decembris,
1035 1295 1122 1338 anno
1145 1273 1280 1338 Domini
1302 1273 1475 1338 millesimo

354 1449 358 1458 ³
422 1375 652 1440 trecentesimo
674 1376 907 1455 tertiodecimo,
933 1382 967 1441 εὴ
988 1375 1201 1462 pontificatus
1223 1375 1328 1441 nostri
1349 1375 1457 1441 tertio.

302 1603 315 1634 Γ
422 1625 500 1675 carta
511 1622 632 1674 Wfflelmi
643 1621 687 1673 filii
766 1581 942 1648 Univemls
965 1582 1090 1649 Ohl'lfll'd
1112 1582 1266 1648 fidelibus
1295 1589 1474 1670 pl'aesenbffl

422 1688 527 1740 Waltsri
545 1691 575 1739 de
593 1691 686 1740 Hesse-
719 1684 832 1749 literas
848 1685 1052 1770 inspecturis,
1076 1684 1246 1764 Ricardus,
1261 1684 1473 1771 permissione
1528 1757 1531 1765 ,

421 1757 492 1806 ῊῙΡ·
720 1785 844 1865 divina,
869 1786 1104 1851 Dunolmensis
1127 1785 1307 1873 episcopus,
1329 1786 1471 1851 salutem

419 1890 456 1953 in
480 1888 631 1954 Domine.
679 1887 849 1953 Noveritis
871 1908 931 1952 nos
954 1887 1091 1964 dedisse,
1105 1888 1307 1968 concessisse,
1330 1892 1366 1953 et
1386 1910 1471 1973 prae-

420 1993 506 2056 senti
539 1995 630 2055 carta
654 1994 769 2055 nostra
802 1989 1016 2066 confirmasse,
1038 1987 1203 2053 Willelmo
1235 1989 1303 2053 filio
1328 1989 1469 2054 Walteri

420 2093 461 2156 de
496 2091 695 2168 Hessewell’,
726 2091 849 2176 viginti
881 2095 915 2154 et
942 2095 1016 2155 octo
1049 2111 1140 2155 acres
1172 2097 1268 2156 terrae
1300 2091 1340 2154 de
1373 2095 1470 2155 vesto

418 2199 539 2271 nostro,
555 2215 630 2258 cum
653 2191 872 2279 pertinentiis,
895 2191 931 2254 in
947 2190 1081 2277 Satleye
1092 2191 1249 2277 jacentes,
1266 2213 1323 2278 per
1340 2193 1471 2257 diversa

418 2296 497 2375 loca,
527 2295 627 2379 juxta
658 2300 761 2358 terras
795 2293 896 2357 Alani
929 2293 1008 2378 Kay
1042 2300 1077 2358 et
1110 2293 1273 2358 Johannis
1303 2293 1447 2357 Wrenne
1459 2319 1468 2373 ;

418 2396 608 2461 habendum
631 2400 665 2459 et
687 2395 868 2460 tenendum
900 2394 1059 2480 praedicto
1087 2394 1252 2460 Willelmo
1274 2399 1308 2459 εὴ
1329 2395 1469 2460 haeredi-

300 2543 305 2554 .
349 2543 355 2556 .
417 2498 480 2562 bus
510 2497 651 2573 solado
680 2497 782 2574 nobie,
807 2502 842 2561 εὴ
865 2495 1107 2561 successoribus
1137 2497 1259 2562 nostris
1271 2521 1279 2575 ;
1302 2496 1468 2561 reddendo

417 2598 494 2663 inde
525 2598 698 2663 annuatim
721 2597 825 2676 nobis,
849 2601 884 2661 et
906 2597 1142 2663 successoribus
1171 2597 1301 2676 nostris,
1326 2604 1469 2683 quatuor

417 2699 539 2764 solidos
573 2705 607 2764 εὴ
641 2703 714 2764 octo
745 2699 903 2776 denarios,
937 2699 980 2763 ad
1017 2699 1176 2763 terminos
1208 2698 1245 2762 in
1278 2698 1466 2784 episcopatu

417 2800 634 2865 Dunolmensi
671 2805 851 2877 consuetos,
886 2821 945 2887 pro
968 2799 1164 2864 omnimodis
1200 2799 1275 2864 eliis
1312 2801 1466 2878 servitiis,

416 2902 643 2968 exactionibus
677 2906 711 2966 et
741 2902 919 2967 domandis.
965 2901 1125 2966 Volumus
1156 2902 1267 2982 etiam,
1291 2907 1326 2966 et
1355 2923 1467 2966 conce-

417 3003 533 3081 dimus,
557 3025 617 3090 pro
648 3003 752 3080 nobis,
774 3008 809 3068 et
834 3003 1072 3068 successoribus
1103 3004 1232 3080 nostris,
1262 3003 1350 3088 quod
1382 3024 1467 3088 prae·

416 3105 524 3171 dictus
558 3103 743 3169 Willelmus
778 3109 813 3168 et
835 3104 981 3170 haeredes
1014 3103 1066 3168 sui
1098 3099 1301 3170 habeantet
1321 3110 1466 3180 teneant,

416 3207 480 3270 sibi
502 3211 537 3271 εὴ
558 3207 743 3272 haeredibus
774 3207 851 3283 suis,
874 3207 959 3271 illud
988 3205 1220 3284 molendinum,
1243 3211 1279 3272 et
1308 3207 1381 3270 illes
1402 3207 1464 3270 tri·

415 3309 511 3393 ginta
537 3329 627 3374 acras
649 3313 756 3384 terrae,
779 3312 923 3393 pasturae
949 3312 984 3372 et
1010 3307 1161 3387 brusceti,
1186 3329 1260 3393 quae
1288 3307 1466 3392 praedictus

418 3409 597 3475 Willelmus
620 3415 655 3474 et
677 3413 897 3476 antecessores
919 3409 970 3474 sui
986 3410 1079 3495 prius
1102 3409 1346 3491 tenueruntde
1367 3411 1464 3474 nobis

415 3515 450 3576 et
483 3510 773 3598 praedecessoribus
810 3510 940 3588 nostris,
973 3533 1015 3576 ex
1053 3531 1165 3576 eorum
1204 3510 1391 3577 dimissione
1430 3517 1466 3576 et

415 3613 627 3692 concessione,
644 3613 680 3676 in
695 3611 853 3698 praedicta
875 3611 956 3677 villa
970 3613 1011 3694 de
1028 3612 1183 3699 Satley03
1204 3613 1369 3678 reddendo
1385 3613 1465 3678 inde

414 3714 586 3779 annuatim
617 3715 721 3792 nobis,
745 3718 780 3778 et
812 3715 1049 3780 successoribus
1074 3715 1354 3792 nostrisffirmam
1385 3716 1465 3780 inde

414 3814 559 3880 debitam
587 3820 621 3880 et
653 3821 854 3891 consuetam,
894 3815 1058 3892 videlicet,
1080 3816 1311 3902 septemdecim
1341 3816 1464 3883 solidos

414 3921 449 3982 et
471 3917 623 3983 undecim
646 3917 806 3996 denarios,
829 3917 869 3981 ad
894 3917 1052 3982 terminos
1066 3919 1104 3982 in
1125 3919 1315 4005 episcopatu
1337 3919 1465 3983 Drmol-

414 4019 520 4084 mensi
557 4023 748 4099 consuetos3
791 4019 842 4083 ite
878 4019 966 4103 quod
1003 4019 1147 4084 haeredes
1184 4019 1266 4085 dicti
1305 4020 1462 4087 Willelmi

413 4120 537 4186 faciant
569 4120 673 4197 nobis,
698 4124 732 4185 et
754 4120 991 4185 successoribus
1014 4121 1145 4199 nostris,
1168 4142 1227 4208 pro
1249 4121 1371 4188 relevio
1394 4145 1462 4203 suo,

414 4223 634 4307 cujuscunque
656 4221 765 4286 aetetis
788 4219 918 4299 fuerint,
943 4227 1019 4308 post
1048 4227 1188 4288 mortem
1222 4229 1461 4290 antecessorum

414 4345 554 4402 suorum,
570 4323 693 4410 viginti
708 4323 837 4400 solidos,
853 4324 1005 4409 quotiens
1029 4323 1151 4390 dictam
1169 4330 1288 4391 terram
1303 4327 1460 4392 releviare

412 4427 589 4512 continget
637 4417 861 4490 Ooncessimus
895 4424 996 4490 etiam
1027 4426 1133 4491 eidem
1160 4425 1317 4509 willemo,
1341 4435 1375 4494 εὴ
1394 4429 1461 4494 hre-

311 4555 316 4565 ·
413 4527 545 4591 redibus
576 4529 651 4605 suis,
674 4550 732 4613 pro
761 4525 857 4592 nobis
888 4531 923 4591 et
952 4528 1188 4594 suecessoribus
1218 4529 1346 4612 nostrie,
1374 4521 1460 4615 quod

196 5631 648 6080 Γ
