3452 5702
406 788 472 859 752
566 803 785 855 nsorsrnurr
807 801 1010 854 ruarmun
1032 799 1275 854 nmmunuusu

251 1003 373 1050 unius.
403 991 616 1058 confectionis
630 990 853 1078 praesentium,
863 989 975 1068 habui,
990 988 1043 1054 vel
1057 987 1177 1053 habere
1191 985 1295 1073 potui,
1305 985 1456 1072 quietum
1468 997 1513 1041 Διι
1523 997 1630 1052 Borma

402 1093 507 1160 clamo
530 1116 589 1180 per
619 1097 805 1180 praesentes
851 1091 893 1155 In
917 1091 1010 1176 cujus
1032 1091 1081 1155 rei
1104 1088 1341 1166 testimonium,
1364 1086 1454 1172 sigil-

400 1196 470 1260 lum
487 1218 595 1262 meum
611 1195 830 1282 praesentibus
845 1193 993 1280 apposui.
1038 1193 1165 1258 Datum
1185 1191 1274 1278 apud
1289 1187 1453 1266 Stokton’,

402 1297 455 1363 die
501 1301 536 1363 et
573 1317 660 1362 anno
698 1294 906 1383 supradictis,
950 1299 985 1360 et
1031 1293 1285 1360 consecrationis
1328 1296 1452 1358 nostre

400 1401 526 1486 quinto.

232 1565 316 1662 osiel:¹
314 1569 357 1664 133
400 1595 533 1648 Remotio
545 1595 667 1660 sequani
745 1549 914 1626 Ricardus,
938 1554 1010 1628 etc,
1025 1547 1147 1614 dilecto
1162 1547 1287 1627 clerico,
1302 1545 1325 1614 J
1327 1545 1450 1612 ohanni

231 1623 328 1712 lette
400 1663 426 1712 in
448 1663 569 1712 auctibus
587 1663 667 1713 eecle-
700 1651 741 1717 de
775 1651 928 1731 Pollowe,
950 1653 1185 1738 sequestratori
1219 1656 1341 1726 nostro,
1363 1649 1451 1714 salu·

230 1719 380 1864 lllffilb
400 1729 665 1793 eracemum&
699 1760 776 1832 lem,
799 1760 858 1820 elc-
904 1755 1117 1840 Sequestrum
1139 1753 1286 1820 inbonis
1309 1752 1450 1818 ecclesiae

230 1867 376 1973 {le
402 1853 443 1918 do
458 1853 685 1942 Wessington’,
708 1878 768 1942 pro
791 1877 829 1922 eo
845 1857 934 1943 quod
956 1862 1063 1922 rector
1084 1856 1230 1942 ejusdem
1253 1877 1314 1920 nec
1328 1853 1450 1919 residet

229 1969 389 2014 unrnavour
401 1977 460 2022 nec
475 1956 715 2042 eleemosynam
738 1956 828 2022 inter
849 1980 1007 2044 pauperes
1030 1959 1245 2044 parochianos
1267 1957 1450 2032 distribuit,

228 2018 390 2121 i'riibb'iiili.or
401 2064 460 2125 aut
475 2059 738 2146 hospitalitatem
760 2065 863 2142 tenet,
880 2061 966 2126 siout
988 2061 1153 2140 convenit,
1176 2060 1337 2125 referente
1352 2057 1448 2122 nobis

211 2165 213 2172 '
400 2161 542 2227 Ricardo
565 2161 694 2241 Chaler,
727 2161 874 2246 ejusdem
906 2170 1125 2250 procuratore,
1162 2184 1222 2250 per
1251 2183 1311 2228 vos
1347 2159 1446 2225 intel·

397 2263 538 2329 lenimus
560 2265 727 2352 interponi
739 2290 748 2345 ;
769 2265 857 2329 unde
880 2264 1029 2330 volentes
1052 2264 1240 2331 omnimode
1259 2263 1445 2350 portionem

397 2366 542 2452 aliquam
574 2367 614 2432 de
648 2367 861 2432 facultatibus
895 2367 1040 2452 ejusdem
1074 2367 1217 2432 ecclesiae
1248 2363 1446 2452 pauperibus

397 2467 533 2554 erogari,
566 2467 809 2534 interveniente
837 2469 919 2533 dicti
951 2469 1175 2554 procuratoris
1190 2488 1444 2543 consensu,or-

396 2568 586 2634 dinavimus
609 2571 706 2654 quod,
721 2591 809 2634 anno
832 2570 981 2655 quolibet
1013 2592 1072 2657 pro
1095 2575 1241 2657 tempore
1264 2571 1345 2636 dicti
1378 2591 1446 2634 rec·

395 2671 486 2748 toris,
510 2693 574 2756 quo
598 2694 673 2736 eum
696 2672 912 2756 personaliter
944 2672 1087 2738 residere
1109 2695 1177 2737 non
1200 2673 1377 2758 contigerit
1408 2671 1444 2734 in

395 2772 518 2851 eadem,
534 2773 645 2838 decem
668 2795 786 2839 mercae
802 2771 1044 2840 distribuuntur
1065 2774 1154 2838 inter
1176 2795 1334 2860 pauperes
1349 2796 1445 2860 paro-

394 2873 476 2939 chiae
498 2873 696 2954 antedictae;
720 2881 754 2940 et
776 2875 819 2940 ad
841 2875 877 2940 id
900 2876 1041 2940 fideliter
1063 2876 1248 2941 faciendum
1273 2883 1308 2940 et
1330 2881 1444 2941 tenen·

395 2975 484 3056 dum,
509 2977 618 3040 dictus
642 2981 834 3063 procurator
856 2977 891 3041 in
907 2999 1078 3064 personam
1103 2977 1227 3042 domini
1250 2976 1310 3054 sui,
1334 2998 1443 3042 eoram

394 3076 524 3142 officiali
555 3083 677 3156 nostro,
701 3099 760 3164 per
783 3079 940 3165 praecepti
964 3079 1172 3157 sententiam,
1195 3079 1440 3144 condemnetur.

394 3179 479 3244 Cum
494 3179 608 3265 itaque
632 3179 784 3244 dominus
807 3186 999 3266 procurator
1021 3179 1328 3246 condemnationem
1351 3180 1442 3245 subi-

395 3281 460 3346 erit
481 3281 692 3359 antedictam,
708 3288 923 3366 sequestrum,
938 3303 986 3362 ex,
1004 3303 1103 3346 causa
1125 3282 1272 3368 praefata,
1288 3282 1325 3346 in
1346 3281 1442 3347 bonis

392 3383 539 3469 praefatae
572 3382 715 3448 ecclesiae
749 3381 981 3469 interpositum
1019 3383 1196 3462 relaxetis;
1229 3385 1441 3449 advertentes

390 3485 590 3571 propensius,
613 3484 701 3570 quod
739 3485 829 3550 dicta
865 3485 1012 3570 pecunia,
1052 3484 1154 3570 juxta
1199 3485 1439 3550 ordinationem

389 3591 539 3651 nostram
562 3587 658 3651 annis
672 3587 812 3672 singulis
834 3584 1043 3672 integraliter
1058 3591 1093 3650 et
1114 3585 1258 3652 fideliter
1279 3592 1440 3674 erogetur.

390 3686 516 3752 Valete.
571 3688 695 3752 Datum
722 3686 825 3773 ,apud
856 3686 1021 3766 Stokton’,
1058 3689 1152 3775 xvijo.
1192 3688 1245 3754 die
1279 3689 1439 3766 Octobris,

389 3787 640 3854 consecrationis
662 3793 783 3854 nostroe
806 3809 893 3855 anno
916 3788 1040 3875 quinto.

220 3935 474 4048 germanum
485 3987 517 4036 de
534 3984 604 4038 mm
690 3939 862 4004 Universis
901 3939 1028 4006 Christi
1060 3940 1222 4023 fidelibus,
1261 3949 1438 4030 praesentes

220 4037 370 4138 'gfflffl
388 4055 515 4104 conduco
558 4067 604 4118 pro
646 4042 758 4108 literas
788 4043 991 4129 inspecturis,
1016 4042 1185 4124 Ricardus,
1208 4050 1277 4122 etc,
1297 4047 1437 4112 salutem

220 4136 358 4240 2⁸¹¹&
387 4125 471 4168 muts.
627 4145 676 4208 ¹in
709 4145 857 4210 omnium
900 4143 1079 4210 Salvatore.
1135 4145 1306 4212 Noveritis
1349 4149 1436 4234 quod

217 4198 326 4338 ξξὲζξξῖ
386 4245 629 4330 assignavimus
660 4246 839 4312 Ricardum
871 4243 1002 4332 Gauger
1033 4251 1170 4312 nautam
1207 4254 1367 4330 nostrum,
1401 4255 1436 4316 et

218 4337 359 4436 ffl‘gff
387 4347 589 4435 provisorem
623 4348 665 4413 de
697 4348 873 4428 frumento,
907 4347 1030 4426 braseo,
1053 4370 1168 4429 avena,
1192 4351 1370 4435 praebenda
1401 4358 1436 4417 et

218 4447 248 4477 a
295 4399 337 4480 sl

218 4435 321 4530 ffllhlffi,
386 4449 460 4514 aliis
497 4449 708 4528 victualibus,
732 4450 883 4536 partibus
915 4449 1134 4515 comitatuum
1159 4451 1367 4539 ,Lyndeseyo
1400 4459 1435 4519 et

218 4534 277 4588 ΜΡ·
386 4549 533 4626 Eboraci,
556 4549 727 4635 ipsumque
753 4551 795 4615 ad
818 4555 928 4637 partes
950 4552 1088 4630 easdem,
1112 4574 1187 4617 curn
1209 4555 1289 4620 navi
1312 4562 1434 4638 nostra,

389 4648 545 4714 duximus
560 4650 803 4716 destinandum.
851 4651 1011 4732 Quocirca
1026 4653 1277 4720 universitatem
1289 4664 1435 4724 vestram
