3566 5712
403 818 469 882 842
582 829 782 882 saorsrsuu
804 828 1009 882 emmanu
1031 828 1271 880 nuumumsu
1408 797 1413 802 ’

251 1035 375 1083 numa
399 1041 467 1088 non
500 1019 654 1086 obstante
675 1017 828 1084 libertate
859 1019 1064 1106 episcopatus
1086 1017 1188 1084 vestri
1218 1017 1378 1105 pmdicci,
1400 1023 1621 1084 redemtos

401 1122 630 1211 cuperavimus
645 1120 933 1209 praesentationem
947 1126 1092 1187 nostram
1116 1141 1230 1186 versus
1245 1119 1449 1187 willelmum

402 1225 681 1312 archiepiscopum
711 1223 957 1302 Eboracensem,
979 1223 1023 1289 ad
1036 1222 1205 1314 ,vicariam
1236 1223 1378 1289 ecclcsiae
1409 1225 1450 1290 de

403 1327 552 1406 Nor-tom,
581 1326 683 1412 juxta
715 1325 925 1411 Bylingham,
955 1325 1085 1390 ratione
1117 1325 1321 1412 episcopatus
1355 1325 1450 1391 Dun-

403 1428 566 1506 olmensis‚
588 1449 693 1514 nuper
714 1427 873 1509 vacantis,
893 1431 928 1492 et
950 1427 987 1492 in
1008 1448 1110 1491 manu
1132 1432 1246 1492 nostra
1268 1428 1449 1495 existentis.

401 1531 447 1596 Et
469 1530 542 1595 ideo
565 1529 660 1595 vobis
682 1530 886 1608 mandamus,
908 1529 1007 1614 quod,
1029 1529 1273 1596 nonobstante
1295 1530 1449 1596 reclama-

283 1714 286 1722 ,
402 1633 493 1698 tione
527 1631 678 1718 praedicti
712 1631 953 1718 archiepiscopi,
981 1631 1023 1696 ad
1055 1633 1343 1717 praesentationem
1376 1653 1450 1698 nos-

402 1740 497 1814 tram,
548 1734 591 1799 ad
640 1735 832 1820 predictam
875 1733 1031 1799 vicariam
1077 1734 1246 1804 idoneam.
1278 1755 1449 1821 personam

400 1835 594 1902 admittatis.
655 1836 760 1914 Teste,
785 1837 820 1902 L.
853 1837 893 1902 de
916 1835 1145 1923 Trikingham
1176 1837 1265 1922 apud
1288 1835 1450 1904 Westmc·

404 1937 594 2021 neoterium,
633 1935 715 2024 xvj0.
754 1937 807 2004 die
845 1935 1028 2017 Februarii,
1072 1957 1160 2003 anno
1203 1937 1295 2024 regni
1343 1939 1449 2004 nostri

404 2040 539 2127 quinto·

235 2257 391 2304 nummum
438 2231 440 2238 ’
693 2244 821 2310 Placite
857 2246 951 2310 tenta
989 2245 1080 2330 apud
1112 2243 1449 2322 westmonasterium,

234 2309 391 2403 iiiiiidem'
650 2366 758 2412 coram
796 2345 929 2411 domino
960 2346 1125 2411 Willelmo
1154 2347 1196 2412 de
1225 2345 1389 2422 Bereford
1415 2349 1450 2410 et

234 2410 381 2554 Ξῖἓέεέπῖξῐ
403 2449 499 2515 sociis
533 2448 611 2526 suis,
641 2448 682 2514 de
712 2448 879 2534 quindena
912 2448 1027 2514 Sancti
1061 2448 1204 2530 Hillarii,
1237 2469 1324 2513 anne
1357 2448 1450 2534 regni

372 2541 378 2554 '
402 2552 487 2638 regis
510 2551 675 2631 Edwardi,
697 2550 759 2615 filii
789 2551 875 2637 regis
897 2549 1065 2628 Edwardi,
1088 2547 1362 2636 quinta-cxxix
1384 2549 1449 2615 Ro-

403 2653 501 2718 tulus.
533 2652 1030 2731 Nerthumbriae.-Willelmus,
1046 2652 1307 2739 archiepiscopus
1327 2652 1450 2718 Ebora-

404 2755 517 2834 censis,
546 2755 766 2821 summonitus
787 2755 853 2820 fnit
873 2755 917 2819 ad
939 2754 1202 2841 respondendum
1217 2753 1350 2819 domino
1372 2754 1449 2840 regi,

403 2857 444 2922 de
481 2857 613 2943 placite,
646 2857 733 2942 quod
770 2857 946 2943 permittet
982 2857 1091 2942 ipsum
1129 2856 1298 2921 dominum
1340 2877 1449 2942 regem
1481 2885 1483 2892 ·

400 2965 599 3046 praesentare
632 2959 784 3025 idoneam
807 2979 978 3045 personam
1001 2958 1044 3023 ad
1066 2958 1222 3023 vicariam
1245 2958 1387 3024 ecclesiae
1409 2959 1450 3023 de
1554 2995 1558 3002 ·

403 3061 551 3140 Nomos,
580 3061 680 3148 juxta
717 3060 926 3147 Bylingham‚
961 3081 1035 3146 qum
1069 3065 1175 3138 vacat,
1208 3063 1243 3124 et
1277 3060 1320 3125 ad
1358 3081 1450 3126 suam

402 3168 531 3250 spectat
561 3163 781 3243 donationem,
810 3163 938 3228 ratione
972 3161 1177 3248 episcopatus
1208 3160 1450 3242 Dunolmensis,

401 3287 508 3352 nuper
522 3266 680 3345 vacantis,
698 3271 731 3330 et
754 3265 790 3329 in
812 3285 913 3329 manu
937 3263 1062 3329 domini
1084 3263 1170 3349 regis
1192 3263 1376 3342 existentis,
1391 3273 1450 3329 etc.

402 3368 449 3432 Et
472 3367 559 3431 unde
575 3366 759 3432 Willelmus
782 3365 823 3430 de
846 3365 1044 3452 Ianggeley,
1060 3365 1118 3450 qui
1141 3365 1291 3450 sequitur
1312 3387 1372 3450 pro
1394 3367 1451 3431 do·

402 3469 492 3533 mino
508 3489 591 3554 rege,
603 3468 686 3534 dicit
701 3468 788 3552 quod
803 3467 978 3544 Antonius,
991 3465 1157 3552 quondam
1173 3467 1343 3552 episcopus
1357 3467 1451 3532 Dun-

403 3570 565 3649 elmensis,
591 3570 657 3635 fuit
679 3570 811 3636 saisitus
834 3569 874 3634 de
896 3570 1111 3634 advocatione
1144 3569 1276 3634 vicariae
1309 3568 1452 3634 ecclesiae

402 3671 577 3757 praedictae,
601 3677 682 3752 eto.;
705 3672 762 3756 qui
785 3671 941 3736 vicariam
962 3671 1054 3734 illam
1077 3670 1218 3736 contulit
1241 3669 1370 3734 cuidam
1391 3671 1450 3735 Jo-

402 3773 504 3838 hanni
534 3771 575 3838 de
599 3771 832 3858 Barneburgh'‚
856 3772 971 3837 clerico
994 3793 1061 3850 suo,
1085 3773 1152 3857 qui,
1179 3772 1223 3837 ad
1245 3771 1452 3838 collationem

402 3895 504 3952 susm,
518 3874 585 3940 fuit
606 3874 783 3940 institutus
798 3879 867 3951 etc,
882 3879 1027 3960 ternpore
1049 3874 1148 3961 pacis,
1164 3874 1311 3960 tempore
1327 3873 1452 3940 demini

402 3976 487 4061 regis
509 3996 605 4055 nunc,
628 3979 688 4041 etc.
749 3975 796 4040 Et
817 3975 907 4054 dicit,
932 3975 1020 4061 quod
1041 3979 1165 4062 postca,
1189 3977 1265 4041 sede
1288 3975 1453 4063 episcopa-

403 4083 459 4143 tus
495 4081 554 4143 etc.
578 4081 717 4144 vacante
749 4099 807 4163 per
838 4081 978 4142 mortem
1009 4077 1160 4163 praedicti
1188 4077 1339 4164 episcopi,
1363 4082 1397 4143 et
1418 4079 1455 4142 in

405 4179 526 4246 saisina
563 4178 666 4265 ipsius
710 4179 835 4244 domini
873 4179 958 4265 regis
995 4200 1085 4244 nunc
1118 4179 1291 4256 existente,
1322 4179 1455 4245 vacavit

404 4280 564 4367 praedicta
585 4281 710 4346 vicaria
724 4302 783 4366 per
805 4285 943 4345 mortem
963 4281 1113 4368 praedicti
1136 4280 1298 4346 Johannis
1320 4286 1388 4358 eta,
1412 4287 1455 4361 et,

405 4405 444 4448 ea
466 4383 602 4460 ratione,
625 4383 798 4469 adipsum
823 4382 991 4448 dominum
1022 4405 1131 4470 regem
1154 4385 1300 4470 pertinet
1323 4385 1366 4449 ad
1389 4384 1455 4449 dic·

404 4492 475 4551 tam
490 4486 646 4552 vicariam
671 4493 869 4573 praesentare
885 4492 944 4552 etc.
984 4487 1173 4554 ‚Praedictus
1196 4487 1455 4572 archiepiscopus

405 4590 513 4674 ipsum
537 4586 708 4653 dominum
730 4609 839 4676 regem
861 4587 1002 4675 impedit
1024 4588 1147 4674 injuste
1170 4593 1241 4666 eta,
1264 4594 1298 4653 et
1319 4593 1455 4675 paratus

407 4695 458 4755 est
480 4689 645 4755 verificare
668 4711 727 4775 pro
749 4691 820 4776 ipso
842 4691 974 4757 domino
996 4711 1079 4778 rege.
1126 4689 1172 4756 Et
1187 4689 1455 4777 archiepiscopus,
