3452 5702
396 781 461 851 720
584 797 781 846 ancrsraun
803 796 1003 846 sensurum
1026 797 1264 847 nosnmnnsn

245 996 300 1040 Μ).
308 1000 366 1042 1³1⁶.
397 985 577 1062 Scotorum,
601 985 757 1072 fugiebat,
781 985 915 1071 ejusque
937 985 1117 1070 campanile
1141 987 1337 1052 ascendebat
1360 987 1447 1054 ultra
1459 993 1505 1037 Ar·
1513 993 1616 1048 apaan.

396 1109 579 1172 campanas,
602 1086 637 1150 in
672 1087 805 1172 ejusque
838 1088 1037 1164 summitate,
1061 1087 1170 1172 ibique
1203 1089 1445 1174 aliquantulum

396 1188 538 1265 sedebat,
553 1188 596 1252 ab
619 1189 797 1274 eademque
821 1188 1046 1254 descendendo
1070 1189 1242 1254 casualiter
1263 1191 1446 1278 ceciderat;

396 1291 504 1375 sicque
527 1295 676 1355 mortuus
700 1296 758 1370 est,
783 1291 905 1376 absque
929 1290 1088 1356 violentia
1111 1291 1258 1377 alicujus,
1281 1293 1372 1358 Secti
1394 1295 1447 1360 vel

395 1391 538 1456 hominis
555 1391 713 1472 alterius3
738 1393 943 1478 sanguisque,
967 1397 1042 1478 post
1069 1413 1189 1468 casum,
1212 1415 1309 1479 super
1324 1395 1443 1460 atrium

396 1493 533 1578 alicujus
564 1493 755 1578 campanilis
785 1493 911 1571 cecidit,
933 1514 993 1558 nec
1019 1493 1199 1578 campanile
1230 1495 1282 1559 vel
1314 1497 1446 1562 ecclesia

396 1596 461 1659 alio
484 1592 580 1658 modo
604 1592 674 1677 ejus
698 1596 857 1680 sanguine
881 1594 1049 1679 polluitur,
1077 1600 1117 1659 ut
1151 1595 1198 1659 hii
1233 1597 1370 1676 dicunt;
1403 1599 1446 1663 ob

396 1697 482 1783 quod
516 1695 715 1781 presbyteris
750 1697 896 1780 ejusdem
929 1696 1088 1774 consului,
1112 1719 1154 1761 ne
1185 1697 1246 1764 hac
1278 1701 1444 1764 occasione

397 1799 576 1867 decaetero
612 1801 646 1864 in
681 1799 792 1863 eadem
817 1799 950 1864 ecclesia
974 1819 1008 1862 se
1040 1799 1230 1874 abstineant
1263 1823 1283 1865 a
1315 1802 1446 1869 divinis.

397 1903 441 1966 Et
464 1903 509 1968 sic
532 1901 726 1968 mandatum
742 1903 886 1964 vestrum
903 1921 984 1976 sum,
1001 1921 1073 1964 cum
1092 1901 1182 1964 omni
1198 1901 1362 1967 celeritate
1381 1925 1446 1988 qua

395 2005 497 2090 potui,
521 2006 556 2070 in
580 2003 731 2069 omnibus
754 2007 918 2066 executus.
965 2001 1006 2064 In
1025 2001 1121 2087 cujus
1145 2002 1191 2066 rei
1219 2003 1443 2070 testimonium

396 2113 588 2191 praesentem
627 2104 881 2190 inquisitionem,
914 2103 1031 2189 sigillis
1069 2124 1180 2166 eorum
1215 2105 1445 2190 praedictorum

396 2208 707 2274 contestificantlum
739 2205 973 2291 consignatam,
1003 2224 1140 2288 meoque
1163 2205 1294 2289 privato
1317 2206 1444 2291 publice

396 2334 461 2397 quo
477 2317 553 2375 utor
570 2310 603 2374 in
616 2308 720 2374 officio
736 2307 902 2386 inclusam,
916 2313 1035 2372 vestire
1050 2307 1246 2393 paternitati
1255 2309 1445 2373 transmitto

395 2413 573 2487 humiliter,
589 2411 675 2476 sicut
697 2403 796 2474 dccet.
842 2409 967 2473 Datum
990 2409 1079 2493 apud
1101 2407 1280 2494 Hoghton',
1296 2406 1356 2495 iij⁰.
1380 2411 1445 2477 kal.

395 2513 545 2598 Augusti,
570 2533 655 2576 anno
678 2511 812 2574 Domini
837 2509 1007 2574 millesimo
1029 2508 1106 2575 cco⁰.
1129 2511 1376 2595 quintodecimo.

228 2712 369 2816 piffifgr
395 2710 508 2762 Licentia
523 2713 557 2760 ad
572 2711 665 2761 haben-
745 2711 912 2790 Ricardus,
933 2712 1145 2797 permissione
1169 2713 1291 2792 divina,
1319 2713 1445 2778 Dunol-

396 2780 456 2827 dum
509 2779 662 2841 capellanum

227 2813 373 2906 ilffiffi‘
398 2845 566 2894 celebrantem
589 2859 663 2907 super
696 2814 816 2877 mensis
848 2814 1025 2899 episcopus,
1048 2813 1167 2879 dilecto
1199 2814 1277 2894 filio,
1301 2815 1445 2880 Robcrto

227 2914 360 3007 mgnum
397 2911 484 2960 Eden’.
695 2916 784 2981 dicto
808 2922 824 2949 “
837 2915 1052 2992 Gretheved,''
1074 2916 1224 2996 salutem,
1246 2918 1386 3002 gratiam
1411 2916 1445 2982 el

329 2965 356 3007 ol

229 2976 378 3108 {935ng
396 3017 671 3084 benedictionem.
717 3017 797 3082 Tuis
819 3017 1124 3102 supplicationibus,
1141 3017 1327 3082 devotionis
1350 3019 1444 3084 affee-

229 3113 468 3184 ¹¹⁶V0l³¹¹ffi⁵tum
507 3119 762 3196 continentibus,
797 3139 834 3183 ac
872 3119 1031 3184 sincerum
1071 3119 1220 3183 animum
1257 3121 1299 3184 ad
1337 3120 1444 3185 divini

229 3169 341 3208 manaem

228 3213 302 3258 suen.
395 3222 503 3286 cultus
541 3227 756 3307 augmentum
794 3226 827 3284 te
865 3219 985 3298 habere
1023 3220 1254 3300 indicantibus,
1299 3222 1446 3288 volentes

396 3345 539 3388 annuere
576 3322 807 3388 benevolentia
844 3321 1015 3408 paternali,
1052 3327 1093 3386 ut
1130 3323 1167 3387 in
1197 3323 1341 3388 oratorio
1375 3329 1444 3400 tuo,

395 3426 483 3490 infra
505 3447 655 3490 mansum
679 3430 775 3488 tuum
798 3423 838 3487 de
863 3423 966 3488 Edcn’
988 3423 1121 3504 situato,
1144 3425 1307 3510 quendam
1331 3425 1446 3490 hones-

396 3535 468 3594 tum
499 3527 713 3613 capellanum,
746 3524 818 3600 tibi,
846 3525 949 3588 uxori
987 3528 1063 3602 tuae,
1097 3525 1210 3590 liberis
1242 3526 1288 3614 acj
1311 3527 1445 3591 familiar

395 3630 535 3714 propriae
558 3629 673 3693 domus
695 3635 772 3707 tuae,
796 3627 863 3692 tuis
886 3626 1082 3711 sumptibus,
1107 3649 1166 3713 pro
1196 3632 1268 3694 toto
1299 3634 1445 3713 tempore

396 3732 476 3796 vitae
499 3735 576 3806 tuae,
599 3730 719 3793 babere
751 3729 868 3806 valeas,
902 3729 1016 3792 divina
1049 3727 1154 3792 officia
1185 3730 1332 3815 quotidie
1364 3731 1446 3796 cele·

397 3831 557 3910 hiantem,
589 3830 764 3894 dummodo
797 3829 926 3895 matrici
959 3830 1101 3894 ecclesiae
1133 3836 1202 3895 tuae
1232 3832 1267 3894 in
1302 3833 1444 3912 decimis,

396 3933 626 4009 oblationibus,
650 3931 915 4008 obventionibus,
929 3953 967 3996 ac
994 3932 1068 3996 aliis
1090 3931 1348 4019 quibuscunque,
1372 3935 1445 3998 nul-

394 4036 464 4101 lum
495 4037 531 4100 in
553 4036 613 4100 hac
636 4041 729 4120 parte
759 4034 821 4098 fiat
843 4033 1081 4119 praejudicium,
1105 4035 1253 4100 sedeam
1275 4037 1310 4099 in
1342 4037 1447 4101 omni·

395 4138 458 4204 bus
502 4159 673 4203 conserves
711 4137 909 4212 indemnem,
952 4135 1025 4212 tibi,
1072 4142 1184 4202 tenore
1205 4140 1444 4222 praeentiam,

395 4239 532 4305 liberam
563 4239 769 4305 concedimus
799 4236 1000 4301 facultatem.
1048 4237 1089 4301 In
1112 4237 1205 4321 cujus
1227 4239 1274 4303 rei
1297 4241 1444 4304 testimo-

395 4343 496 4420 nium,
519 4342 663 4427 sigillum
685 4346 835 4404 nostrum
858 4337 1075 4424 praesentibus
1098 4338 1252 4403 duximus
1279 4363 1444 4426 apponen-

395 4444 483 4507 dum.
532 4444 656 4508 Datum
679 4441 768 4528 apud
796 4440 973 4525 Hoghton’,
999 4437 1094 4506 xxv0.
1112 4439 1165 4504 die
1181 4442 1334 4526 Augusti,
1358 4464 1446 4506 anno

394 4543 530 4607 Domini
560 4557 686 4607 m0ecc0.
710 4542 962 4626 quintodecimo,
986 4547 1020 4606 et
1042 4542 1291 4608 consecrationis
1323 4551 1446 4610 nostrae

395 4645 520 4731 quinto.
