3506 5702
499 835 698 886 eremmon
719 834 920 887 emensum
943 836 1183 888 ussururrss.
1298 819 1364 891 787

145 1025 354 1088 arr-errasse
375 1024 638 1111 aggressionibus
659 1024 840 1112 repentinis
867 1023 976 1092 indies
997 1025 1203 1104 formidatur,
1224 1025 1289 1092 nisi
1311 1026 1358 1091 sis
1394 1035 1517 1082 ababa·

318 1126 459 1211 provisis
480 1126 641 1193 ordinatis
663 1132 698 1193 et
719 1126 848 1194 festinis
870 1127 1022 1194 remediis
1044 1127 1199 1194 obvietur
1210 1126 1234 1216 3)
1255 1128 1358 1214 quod-

319 1247 383 1312 que
405 1227 527 1315 absque
556 1229 789 1296 convocatione
818 1228 1030 1316 praelatorum
1053 1235 1090 1296 et
1111 1230 1189 1296 oleri
1211 1228 1366 1307 civitatis,

318 1327 476 1409 dioecesis,
498 1333 532 1396 et
553 1330 740 1417 provinciae,
770 1329 993 1410 Eboracensis,
1016 1352 1085 1397 non
1106 1331 1232 1419 poterit
1253 1330 1389 1422 hujus·n

318 1430 408 1495 modi
422 1432 591 1518 negotium
606 1434 769 1520 expedire,
785 1439 898 1499 tenore
913 1434 1127 1522 praesentium
1149 1434 1367 1521 peremptorie

317 1553 377 1597 vos
397 1533 548 1614 citamus,
570 1539 613 1616 et,
628 1557 687 1623 per
709 1557 776 1616 vos,
798 1536 941 1624 priorem
964 1537 1107 1605 ecclesiae
1129 1541 1250 1602 vestrae
1272 1528 1366 1600 Duri-

318 1634 480 1718 olmensis,
502 1641 538 1702 et
568 1689 577 1706 .
608 1688 617 1706 .
648 1637 831 1726 capitulum
861 1638 1018 1725 ejusdem,
1039 1659 1166 1706 necnon
1195 1638 1365 1704 universos

260 1737 263 1745 '
319 1789 325 1804 .
369 1738 559 1806 ,abbates
603 1787 613 1808 .
659 1790 666 1806 .
711 1741 836 1827 priores
872 1791 882 1810 .
926 1793 934 1808 .
970 1741 1106 1808 abbates
1128 1741 1277 1829 proprios
1298 1761 1366 1807 non

317 1837 483 1920 hebentes,
506 1845 678 1929 exemptos
704 1846 740 1908 et
761 1863 829 1910 non
854 1847 1034 1930 exemptos,
1056 1842 1267 1931 ipsorumque
1289 1862 1365 1908 con-

316 1945 443 2021 ventus,
473 1991 483 2012 .
515 1993 525 2013 .
546 1942 792 2012 archidiaconos
809 1949 930 2013 vestrae
952 1943 1187 2010 Dunolmensis
1208 1939 1366 2023 dioecesis,

316 2063 373 2108 seu
396 2044 543 2132 ipsorum
566 2045 869 2114 archidiaconorum
890 2047 1077 2112 absentium
1101 2045 1248 2125 vicarios,
1272 2045 1365 2110 deca
1491 2059 1495 2066 ·

315 2165 375 2210 nos
414 2145 525 2225 etiam,
557 2151 592 2212 et
628 2147 831 2234 praepositos,
863 2145 1072 2214 ecclesiamm
1109 2145 1365 2231 collegiatarum,

315 2267 443 2312 necnon
465 2248 610 2334 capitula
632 2249 713 2336 ipsa,
735 2251 910 2336 totumque
932 2249 1056 2315 clerum
1078 2253 1263 2313 vestrarum
1285 2247 1366 2312 civi-

315 2349 398 2414 tatis
420 2353 456 2415 et
469 2350 625 2435 dioecesis,
640 2351 858 2439 peremptorie
880 2351 976 2418 citari
998 2349 1160 2430 volumus,
1175 2355 1210 2416 et
1231 2348 1367 2416 manda-

315 2470 400 2528 mus,
421 2451 510 2536 quod
532 2473 600 2530 vos,
621 2453 753 2520 domine
776 2453 932 2541 episcope,
957 2452 1094 2518 abbates
1125 2503 1133 2519 .
1178 2504 1195 2535 .‚
1239 2451 1364 2538 priores

315 2601 323 2620 .
347 2605 364 2632 .,
387 2553 511 2631 decani,
524 2553 756 2638 archidiaconi,
771 2577 831 2622 seu
852 2576 965 2621 eorum
987 2554 1113 2633 vicarii,
1129 2559 1164 2620 et
1185 2553 1364 2641 praepositi,

315 2655 538 2740 personaliter,
572 2662 756 2724 conventus
787 2677 866 2724 vero
904 2661 940 2723 et
977 2656 1122 2744 capitula
1158 2677 1196 2722 ac
1226 2655 1363 2742 collegia

316 2757 453 2844 singula,
476 2779 534 2846 per
556 2765 781 2846 procuratores
810 2759 965 2848 singulos,
988 2760 1157 2847 clerusque
1178 2763 1365 2824 vestrarum

315 2858 462 2926 civitatis
483 2864 518 2927 et
540 2861 697 2943 dioecesis,
720 2883 780 2950 per
802 2862 884 2927 duos
916 2865 1142 2949 procuratores
1172 2859 1306 2927 idoneos
1328 2863 1363 2925 et

316 2961 513 3030 sufficienter
533 2964 720 3043 instructos,
743 2985 782 3032 ao
802 2964 935 3052 plenam
958 2968 992 3030 et
1016 2961 1230 3030 sufficientem
1253 2967 1364 3049 potes-

315 3068 419 3131 tatem
441 3066 485 3132 ab
505 3065 586 3154 ipsis
607 3067 832 3147 conventibus,
849 3065 1011 3155 capitulis,
1033 3065 1186 3152 collegiis,
1206 3085 1245 3130 ac
1267 3063 1362 3144 clero,

315 3166 481 3248 habentes,
503 3167 540 3233 in
561 3169 685 3256 majore
707 3169 842 3236 ecclesia
862 3169 958 3235 Beati
984 3168 1076 3236 Petri
1098 3167 1320 3247 Eboracensis,
1343 3187 1364 3232 a

316 3270 368 3336 die
391 3268 529 3338 Paschae
551 3270 588 3336 in
609 3293 712 3338 unum
729 3292 889 3351 mensem,
904 3270 1120 3358 compareatis
1142 3274 1176 3336 et
1199 3289 1364 3358 compare·

314 3378 374 3438 ant
395 3395 504 3438 coram
525 3373 630 3452 nobis,
653 3374 697 3441 ad
718 3374 929 3441 tractandum
958 3373 995 3438 in
1017 3371 1106 3438 dicta
1131 3371 1363 3439 convocatione

314 3474 484 3540 nobiscum
515 3481 549 3541 et
580 3476 705 3542 caeteris
738 3475 885 3563 praelatis
917 3479 951 3540 et
981 3472 1247 3561 procuratoribus
1281 3472 1359 3537 cleri

315 3575 569 3644 Eboraoensium
606 3577 761 3660 civitatis,
792 3576 950 3656 dioecesis,
973 3580 1008 3641 et
1041 3574 1229 3662 provinciae,
1260 3595 1358 3660 super

315 3689 494 3750 memorato
521 3681 668 3748 subsidio
695 3681 907 3764 concedendo,
929 3703 967 3748 ac
988 3681 1033 3748 ad
1055 3680 1241 3748 faciendum
1274 3679 1359 3746 ulte-

314 3785 383 3850 rius
405 3807 503 3872 super
524 3784 590 3866 illo,
606 3785 694 3873 quod
716 3784 881 3853 communi
897 3784 1072 3851 'videbitur
1089 3782 1215 3870 judicio
1237 3782 1360 3848 facien-

316 3885 418 3968 dum;
439 3886 481 3952 de
503 3888 557 3953 die
578 3909 656 3954 vero
683 3887 896 3976 porrectionis
917 3886 1139 3975 praessntium,
1163 3890 1198 3952 et
1221 3885 1363 3971 qualiter

315 3985 377 4052 hoc
410 3989 601 4056 mandatum
634 3995 784 4056 nostrum
815 3990 945 4056 fueritis
979 3989 1118 4069 executi,
1152 4006 1281 4055 necnon
1317 3984 1358 4050 de

315 4089 504 4156 nominibus
547 4140 556 4158 .
600 4143 607 4159 .
642 4092 809 4171 abbatum,
830 4092 1007 4179 priorum.
1053 4142 1071 4173 .,
1116 4087 1357 4156 archidiacono·

315 4214 400 4272 rum,
422 4213 480 4258 sau
503 4191 647 4278 ipsorum
669 4194 876 4273 vicariorum,
897 4192 1160 4280 praepositorum,
1184 4241 1193 4258 .
1237 4239 1246 4257 .
1269 4189 1362 4272 deca·

315 4316 442 4375 norum,
466 4299 689 4362 conventuum
721 4301 756 4362 et
786 4295 1015 4383 capitulorum,
1037 4292 1280 4381 praedictorum,
1303 4312 1363 4357 nos

314 4397 397 4466 citra
427 4397 554 4465 dictum
589 4396 676 4464 diem
709 4396 938 4480 certificantes,
970 4419 1028 4485 per
1050 4399 1176 4464 vestras
1206 4398 1358 4482 patentes

313 4500 427 4568 literas
456 4501 574 4570 harum
607 4499 724 4567 scriem
745 4500 959 4570 continentes.
1016 4497 1198 4568 Conservet
1219 4519 1279 4565 vos
1301 4496 1362 4562 Al·

312 4604 467 4685 tissimus,
482 4605 525 4671 ad
540 4602 682 4674 ecclesie
696 4603 816 4671 vestrae
830 4605 977 4694 regimen
991 4607 1026 4670 et
1041 4601 1204 4669 honorem.
1235 4600 1363 4668 Datum

312 4707 459 4788 Eboraci,
496 4706 530 4794 ij.
562 4708 605 4776 id.
640 4705 765 4788 Martii,
787 4727 874 4776 anuo
913 4705 1038 4776 Gratiae
1077 4705 1250 4792 millesimo
1290 4711 1364 4772 ccc⁰.

1160 4813 1231 4876 112
