3564 5744
395 761 488 828 1066·
576 773 776 828 nrorsrruu
797 775 1000 828 rnnnuun
1022 775 1264 842 nurmumsn

243 975 365 1023 mum
394 965 526 1044 ferrum,
555 985 695 1045 suerum,
720 969 779 1031 eut
800 966 866 1032 elio
895 966 984 1033 bono
1012 987 1217 1054 quaeermque
1248 967 1293 1032 ed
1326 967 1613 1039 Seotosmnpms

393 1069 546 1134 inimicos
568 1072 602 1134 et
624 1067 760 1134 rebelles
781 1074 918 1149 nostros,
944 1069 999 1134 vel
1020 1071 1064 1136 ed
1086 1067 1290 1136 odhaerentes
1312 1069 1367 1150 eis,
1384 1093 1442 1138 seu

393 1171 537 1237 fautores
560 1171 715 1256 ipsorum,
730 1191 788 1256 per
809 1172 898 1256 quod
918 1171 1046 1238 inimici
1066 1170 1173 1238 nostri
1194 1171 1344 1260 pruedioti
1365 1192 1443 1240 eon-

393 1273 510 1339 fortsri
531 1273 666 1360 possint,
689 1271 789 1337 duoet
811 1294 868 1338 seu
890 1274 1012 1351 mittet,
1034 1279 1094 1339 aut
1116 1272 1214 1353 duci,1
1232 1275 1358 1351 uariari,
1386 1275 1466 1340 vel·

395 1377 456 1442 sub
485 1374 591 1442 eolore
623 1395 818 1460 quoeunque
851 1375 953 1452 mitti,
986 1375 1086 1442 facist
1108 1376 1162 1441 vel
1191 1382 1352 1463 procuret,
1383 1398 1442 1442 seu

393 1499 469 1544 oum
491 1477 639 1564 praefetis
664 1477 809 1543 inimicis
831 1477 954 1542 nostris
976 1477 1201 1558 eommunicet,
1223 1478 1278 1542 vel
1300 1477 1347 1544 eis
1369 1497 1441 1544 mo-

393 1599 524 1644 cursum
546 1577 689 1664 aliquem
715 1579 816 1644 faoiet
838 1579 1061 1664 quovismodo.
1120 1577 1318 1644 Mendemus
1339 1580 1441 1645 etism

393 1681 495 1760 vobis,
513 1681 600 1766 quod
615 1680 658 1746 sb
674 1680 827 1746 omnibus
842 1686 876 1747 et
898 1681 1037 1768 singulis
1052 1685 1123 1748 tom
1144 1681 1330 1746 marinariis
1345 1701 1443 1767 quom

394 1781 477 1863 eliis,
501 1782 559 1866 qui
582 1785 679 1847 extre
700 1781 844 1868 uliquem
874 1788 1030 1869 portuum
1054 1782 1141 1848 infru
1162 1781 1351 1849 libertatem
1372 1803 1445 1848 ves·

393 1889 481 1948 trem
512 1883 713 1972 praedictum,
737 1888 814 1971 post
846 1885 1103 1971 publicationem
1137 1885 1339 1972 praedictam,
1370 1906 1445 1950 oum

395 1985 596 2050 victualibus
618 1990 679 2050 eut
701 1987 776 2050 eliis
800 1985 905 2069 bonis,
929 1987 1106 2073 adportes
1129 1991 1258 2053 exteras
1281 1985 1444 2052 divertere

394 2108 429 2152 se
444 2087 620 2169 voluerint,
637 2085 851 2154 sufficientem
875 2088 1197 2173 securitatem,'quod
1210 2087 1443 2154 inhibitionem

395 2194 542 2256 nostrum
572 2189 766 2275 praedictum
787 2183 1023 2256 inviolabiliter
1046 2190 1279 2267 observabunt,
1301 2191 1383 2278 oepi,
1408 2193 1444 2256 et

394 2291 475 2376 ipsis
507 2311 550 2355 ex
571 2295 666 2377 parte
700 2296 814 2356 nostru
843 2291 994 2358 districte
1026 2291 1155 2357 fecistis
1188 2291 1327 2378 injungi,
1354 2292 1443 2377 quod

393 2393 459 2479 ipsi
488 2392 600 2458 literae
631 2391 868 2460 testimoniales
900 2395 941 2458 de
963 2393 1053 2458 villis
1075 2393 1134 2460 ubi
1164 2413 1266 2458 naves
1297 2393 1444 2479 ipsorum

394 2493 566 2560 exonerari
599 2483 783 2582 eontigerit,
810 2515 919 2561 seeum
953 2496 989 2559 in
1020 2495 1132 2560 reditu
1162 2515 1222 2560 suo
1255 2495 1298 2559 ed
1329 2499 1444 2580 portus

394 2597 483 2661 unde
515 2595 666 2674 exierint,
697 2597 758 2662 sub
779 2597 875 2684 gmvi
904 2595 1112 2663 forisfactura
1141 2601 1263 2673 nostre,
1284 2595 1443 2674 deferent,

394 2701 435 2762 ut
465 2697 512 2764 sio
545 2698 692 2784 ipsorum
725 2698 931 2776 fidelitatem,
958 2703 993 2764 et
1025 2697 1166 2784 qualiter
1198 2698 1322 2772 dietam
1342 2695 1443 2762 -inhi-

394 2798 558 2864 bitionem
590 2803 737 2864 nostrum
769 2799 1025 2881 observaverint,
1047 2799 1209 2886 possimus
1239 2803 1338 2886 prout
1367 2820 1443 2865 oon·

270 2948 277 2962 .
345 2949 351 2965 .
395 2899 497 2976 venit,
514 2901 664 2986 experiri.
710 2901 756 2966 Et
778 2902 847 2978 hoo,
862 2902 947 2966 sieut
969 2923 1029 2968 nos
1052 2906 1086 2967 et
1108 2902 1331 2967 salvationem·
1349 2902 1443 2988 regni

393 3002 505 3070 nostri
527 3001 675 3088 diligitis,
693 3007 729 3066 et
749 3002 1013 3089 indignationem
1034 3007 1181 3069 nostrum
1203 3003 1310 3068 vitare
1332 3003 1444 3068 volue-

393 3105 476 3182 ritis,
499 3125 567 3170 non
601 3101 773 3172 omittetis.
818 3105 915 3171 Teste
946 3107 1079 3193 meipso,
1111 3105 1200 3192 opud
1222 3104 1444 3172 Westmonue-

403 3207 534 3288 terium,
569 3203 650 3291 xvj0.
686 3205 740 3271 die
775 3206 898 3286 Martii,
933 3227 1021 3272 enno
1051 3207 1142 3294 regni
1178 3207 1285 3272 nostri
1318 3213 1442 3274 octavo.

394 3307 493 3375 Unde
527 3307 621 3374 vobis
652 3308 791 3373 firmiter
822 3308 1026 3396 injungendo
1055 3308 1258 3387 mandemus,
1281 3311 1445 3394 quotenus

236 3405 334 3487 infimi
396 3412 522 3478 dietum
556 3410 664 3489 breve,
692 3410 793 3495 juxto
824 3411 1035 3476 uniformem
1069 3415 1104 3476 et
1135 3409 1296 3487 effectum,
1319 3411 1443 3498 procle-

306 3505 329 3538 ¹¹’
395 3514 525 3593 mendo,
549 3511 739 3592 inhibendo,
763 3511 971 3578 securitatem
994 3511 1160 3600 cupiendo,
1176 3517 1211 3578 et
1233 3513 1343 3578 omnis
1377 3513 1444 3577 sliu

394 3615 431 3680 in
470 3615 585 3680 eodem
618 3617 775 3680 contentu
807 3614 965 3695 feriendo,
988 3614 1206 3702 exequemini,
1230 3615 1285 3680 vel
1314 3613 1442 3680 moistis

395 3716 523 3801 exequi,
546 3715 657 3780 debite
680 3721 715 3780 et
736 3716 892 3794 celeriter,
906 3716 979 3782 vioe
1000 3722 1123 3782 nostro.
1157 3716 1282 3782 Valete.
1316 3716 1442 3781 Dotum

395 3818 484 3903 opud
507 3817 650 3896 Riohele
674 3815 793 3882 ultimo
815 3818 869 3884 die
890 3817 1026 3904 Aprilis
1046 3817 1299 3886 oonseorotionis
1320 3822 1441 3884 nostrae

391 3941 478 3987 enno
500 3917 574 4005 iiij0.
653 3959 657 3968 ·

221 4111 359 4207 gram
391 4139 473 4190 Bm
493 4153 539 4202 pro
556 4137 656 4202 Regem
734 4096 927 4174 Edwardus,
958 4095 1024 4160 Dei
1059 4095 1176 4194 gretie,
1207 4115 1267 4161 rex
1303 4095 1442 4182 Angliae,

222 4213 340 4266 bimuuof
392 4208 423 4258 de
483 4203 656 4271 Northbursh'
692 4199 844 4265 dominus
871 4197 1051 4275 Hiberniae,
1082 4202 1116 4263 et
1145 4197 1215 4262 dux
1243 4197 1442 4284 Aquitaniae,

221 4263 371 4408 ffid'em
391 4271 569 4337 ⁰¹⁶¹³⁰⁰¹⁹⁸i⁵‘
691 4299 873 4366 venerabili
908 4299 946 4363 in
983 4298 1114 4364 Christo
1154 4298 1250 4384 putri,
1291 4298 1440 4380 Rieordo,

222 4413 373 4516 ffifflssk·
392 4406 506 4472 eedem
528 4405 645 4494 gretie,
669 4403 818 4491 episeopo
842 4400 1066 4478 Dunolmensi
1089 4399 1236 4465 sulutem.
1282 4399 1365 4466 Cum
1381 4421 1439 4487 pro

783 4665 791 4698 ¹
809 4665 878 4733 oue]
893 4665 944 4716 uu
954 4663 981 4716 u
991 4663 1049 4716 ms.
