3564 5744
539 819 737 868 renoramini
762 818 962 869 eremmon
985 822 1226 874 commarca.
1319 813 1430 886 1095Ι

183 1019 342 1078 lanceat
355 1005 505 1086 Antonii,
528 1007 723 1096 recipienda,
745 1008 975 1074 rationabilem
1007 1013 1196 1096 compotum
1227 1032 1332 1091 suum,
1362 1011 1404 1079 de
1435 1015 1556 1065 &Il-1⁸¹&

266 1189 270 1196 .
356 1113 502 1195 tempore
525 1130 590 1196 quo
613 1111 679 1176 brit
699 1115 848 1197 receptor
862 1109 1072 1175 denariorum
1087 1111 1239 1198 praedicti
1252 1114 1402 1182 Antonii.

354 1210 477 1277 Venire
491 1213 592 1279 etiam
607 1212 737 1281 faciatis
751 1211 884 1291 ibidem,
900 1211 942 1277 ad
958 1213 1099 1278 eundem
1114 1214 1203 1280 diem
1218 1215 1327 1280 Adam
1350 1217 1403 1282 del

354 1310 505 1378 Hardore
536 1321 571 1380 at
601 1315 709 1380 Adam
739 1315 910 1392 Bateman,
944 1315 986 1379 ad
1018 1315 1222 1382 reddendum
1253 1318 1403 1405 praefatio

354 1413 501 1480 Johanni
531 1421 565 1482 et
587 1417 722 1481 Thomae
756 1416 986 1482 rationabilem
1017 1421 1207 1504 compotum
1239 1439 1336 1484 auum
1359 1420 1401 1486 de

352 1522 499 1603 tempore
529 1538 594 1606 quo
624 1517 760 1584 fuenmt
792 1517 908 1584 ballivi
927 1517 1090 1602 ‘praedicti
1112 1518 1262 1598 Antonii,
1285 1525 1320 1585 et
1350 1541 1400 1586 re·

349 1623 494 1704 ceptoree
516 1620 726 1686 denariorum
757 1641 913 1700 suomm3
946 1625 980 1685 et
1002 1618 1196 1706 magistrum
1220 1620 1398 1687 Ricardum
1502 1622 1507 1632 '

349 1720 390 1784 de
407 1721 587 1807 Morpathe,
603 1723 646 1788 ad
660 1722 864 1787 reddendum
880 1721 1028 1807 praefatis
1042 1721 1065 1786 J
1066 1721 1189 1786 ohanni
1212 1727 1246 1788 et
1262 1723 1398 1791 Thomae

250 1813 255 1824 ’
347 1823 576 1889 rationabilem
609 1829 797 1911 compotum
840 1844 937 1888 suum
969 1822 1010 1887 de
1053 1829 1201 1909 tempore
1232 1845 1298 1910 quo
1328 1825 1395 1890 fuit

349 1930 496 2010 receptor
518 1926 726 1992 denariorum
741 1925 893 2012 praedicti
907 1923 1056 1990 Antonii.
1095 1925 1140 1991 Et
1163 1925 1331 1991 Simonem
1355 1927 1397 1993 de

349 2025 515 2114 (lorkeby,
537 2028 579 2092 ad
610 2028 814 2093 reddendum
837 2027 985 2114 praefatie
1016 2025 1164 2092 Johanni
1196 2032 1231 2090 et
1262 2027 1396 2094 Thomae

348 2127 578 2193 rationabilem
618 2134 804 2215 compotum
845 2149 941 2194 suum
979 2129 1020 2192 de
1057 2133 1205 2213 tempore
1235 2148 1299 2212 quo
1331 2128 1397 2193 fuit

346 2228 488 2295 ballivus
510 2230 661 2316 praedicti
683 2229 824 2294 Antonii
857 2229 894 2293 in
915 2229 1073 2309 Norbam,
1097 2232 1132 2293 et
1163 2233 1311 2314 receptor
1341 2228 1396 2295 de-

348 2331 517 2396 nariorum
548 2353 703 2413 suorum3
738 2335 772 2396 et
796 2330 963 2418 Rogemm
995 2329 1081 2409 Stre,
1114 2329 1157 2394 ad
1189 2329 1392 2396 reddendum

346 2431 494 2516 praefatie
527 2431 671 2498 Johanni
701 2437 736 2498 et
767 2432 903 2500 Thema
939 2430 1170 2499 rationabilem
1206 2438 1395 2518 compotum

346 2552 451 2613 cuum,
475 2534 517 2599 de
546 2538 781 2620 temporeque
811 2533 877 2598 fuit
909 2537 1058 2619 receptor
1080 2531 1290 2598 denariorum
1311 2555 1395 2620 prae-
1480 2513 1486 2535 ⁸

345 2633 426 2699 dicti
448 2635 610 2717 Antonii;
642 2629 676 2702 e't
699 2635 877 2722 Hugonem
908 2635 950 2700 de
982 2633 1157 2714 Saundon'‚
1181 2633 1225 2698 ad
1256 2634 1394 2700 redden·

346 2736 425 2801 dum
447 2739 596 2823 praefatis
618 2737 765 2804 Johanni
788 2741 823 2804 et
845 2736 981 2803 Thomae
1011 2733 1241 2800 rationabilem
1263 2755 1393 2822 compo·

352 2842 426 2903 tum
456 2859 553 2904 suum
576 2839 617 2904 de
638 2845 786 2925 tempore
817 2859 884 2925 quo
912 2838 978 2904 suit
1007 2841 1155 2923 receptor
1186 2835 1394 2903 denariorum

352 2941 504 3025 praedicti
518 2941 668 3006 Antonii.
707 2942 754 3006 Et
767 2940 950 3007 Robertum
960 2939 1001 3004 de
1016 2937 1186 3024 Sokpath’,
1197 2937 1239 3002 ad
1254 2937 1393 3005 redden-

346 3041 425 3106 dum
458 3043 604 3130 prefatis
635 3043 783 3110 Johanni
814 3047 849 3108 et
883 3041 1018 3107 Thomae
1048 3037 1279 3105 rationabilem
1307 3061 1394 3107 eom·

346 3150 461 3230 potum
485 3167 581 3211 suum
606 3145 647 3210 de
662 3150 810 3231 temporo
837 3164 902 3229 quo
924 3141 991 3208 fuit
1012 3145 1163 3226 receptor
1183 3141 1392 3207 denariorum

349 3246 499 3330 praedicti
521 3246 667 3312 Antonii.
715 3247 761 3312 Et
783 3245 966 3311 Robertum
989 3240 1179 3332 Tripknave
1210 3248 1245 3308 et
1270 3243 1393 3308 Nioho·

345 3347 432 3411 laum
456 3347 563 3414 filium
586 3347 728 3430 Gemelli
749 3348 792 3413 ad
806 3345 1011 3413 reddendum
1033 3344 1181 3430 praefatia
1194 3343 1343 3408 «Iohanni
1357 3348 1391 3410 et

349 3449 483 3516 Thomae
513 3449 740 3516 rationabilem
762 3454 949 3535 compotum
975 3467 1072 3511 auum
1094 3446 1136 3510 de
1157 3447 1304 3530 tempore
1326 3467 1392 3531 quo

353 3551 490 3617 fuerunt
522 3557 706 3638 receptores
742 3551 951 3616 denariorum
980 3545 1131 3633 praedicti
1163 3544 1326 3624 Antonii;
1359 3552 1394 3611 et

349 3655 589 3721 ‹Iohannem-le
612 3655 760 3734 Provoet,
782 3653 827 3720 ad
849 3650 1053 3717 reddendum
1075 3646 1223 3734 praefatis
1244 3647 1268 3712 J
1270 3646 1392 3712 ohanni

344 3756 384 3821 de
399 3757 522 3822 Foxole
536 3762 571 3822 et
584 3755 719 3821 Thomae
745 3754 786 3819 de
812 3751 985 3840 Wylugby
1008 3747 1237 3815 rationabilem
1261 3769 1391 3834 compo·

349 3862 422 3922 tum
464 3877 559 3923 suum
603 3858 645 3922 de
682 3861 829 3942 tempore
861 3875 927 3940 quo
958 3851 1024 3916 fuit
1068 3849 1211 3916 ballivus
1241 3849 1391 3934 praedicti

342 3958 483 4024 Antonii
507 3959 543 4023 in
564 3958 741 4045 Alnewyk'
772 3962 811 4036 et
827 3957 975 4043 receptor
1004 3951 1213 4018 denariorum
1235 3971 1390 4030 euomm3

351 4065 385 4127 et
406 4059 594 4126 Johannem
616 4059 738 4137 Wbite,
763 4059 806 4122 ad
841 4055 1043 4122 reddendum
1075 4051 1222 4139 praefatis
1244 4050 1392 4117 Johenni

345 4165 386 4228 de
408 4161 531 4228 Foxole
565 4167 599 4227 et
621 4161 756 4227 Thomae
771 4145 830 4225 'de
861 4157 1019 4245 Wilugby
1042 4151 1272 4219 rationabilem
1302 4173 1390 4219 oom-

342 4270 457 4352 potum
491 4285 587 4329 auum
621 4263 662 4328 dc
692 4269 839 4348 tempore
869 4278 936 4345 quo
968 4255 1035 4322 fuit
1067 4253 1210 4319 ballivus
1239 4254 1390 4340 praedicti

349 4366 490 4433 Antonii
500 4365 535 4429 in
550 4366 787 4451 Bedelington',
803 4368 837 4429 et
851 4366 998 4446 receptor
1013 4356 1220 4422 denariomm
1235 4375 1390 4436 auorum3

346 4475 380 4535 et
411 4467 598 4533 Johannem
642 4466 809 4544 Stodhird,
849 4463 891 4528 ad
912 4459 1123 4542 reddendum
1154 4457 1302 4544 pratalia
1330 4456 1390 4523 Jo-

343 4572 447 4638 hanni
467 4571 511 4635 de
533 4569 658 4635 Foxole
680 4573 714 4636 et
737 4568 871 4632 Thomae
901 4562 941 4629 de
963 4560 1123 4647 Wilugby
1159 4558 1390 4626 rationabilem

343 4678 530 4762 compotum
546 4692 642 4738 auum
664 4671 705 4737 de
727 4675 873 4755 tempore
896 4687 962 4754 quo
984 4663 1050 4731 fuit
1071 4661 1214 4730 ballivus
1241 4659 1389 4748 praedicti
