3566 5712
502 812 702 862 anorsrauu
725 809 928 862 ιιιιιιιιιιιι
949 809 1187 862 ιιιιιιιιιιιιιιι
1304 798 1369 864 819
1479 860 1483 868 ,

153 1003 311 1060 anessae
323 997 436 1062 eodem
459 1000 659 1062 usamenta
680 997 876 1075 nominatos,
892 995 973 1060 siin
987 995 1137 1076 termino,
1152 994 1196 1060 ad
1210 993 1367 1060 adminis-
1399 1005 1521 1052 mmo

322 1098 501 1164 irationem
522 1098 711 1184 hujusmodi
733 1097 964 1184 recipiendam,
985 1118 1118 1184 pennos
1140 1096 1205 1161 sibi
1220 1118 1367 1183 peremp-

321 1199 406 1266 torie
420 1200 593 1287 aedgnato,
609 1199 853 1267 administratio
871 1198 1060 1284 hujusmodi
1074 1199 1245 1265 commissa
1258 1197 1369 1280 fuerit,

322 1300 553 1368 administrare
574 1322 649 1368 cum
671 1302 718 1367 eis
740 1301 938 1388 permittant
968 1300 1079 1383 libere,
1113 1306 1149 1367 at
1134 1300 1285 1367 tadmit
1271 1305 1368 1367 ttant

323 1401 364 1466 In
386 1401 479 1488 cujus
499 1403 548 1468 rei
569 1402 804 1480 testimonium,
819 1401 964 1488 sigillum
978 1407 1128 1468 nostrum
1150 1401 1369 1518 praesentibus

322 1509 372 1570 ast
392 1524 583 1592 appensum.
627 1505 753 1570 Datum
774 1502 864 1590 apud
885 1503 1038 1589 Rychale,
1060 1503 1167 1590 primo
1183 1503 1369 1570 dromonem

268 1685 273 1696 ¹
320 1606 474 1694 Augusti,
496 1627 583 1672 anno
616 1605 751 1672 Domini
773 1605 946 1672 millasimo
960 1603 1130 1690 ccc⁰.xvj⁰.,
1147 1609 1182 1669 et
1205 1623 1369 1671 consecra·

321 1708 425 1774 tionis
446 1715 569 1776 nostrae
588 1711 692 1775 sexto

322 1944 414 1997 (ΜΟ
454 1947 610 2011 quorundam
699 1911 867 1992 Ricardum,
889 1915 959 1992 eta,
979 1911 1099 1977 dilecto
1122 1909 1254 1993 filia..
1278 1907 1407 1974 .·1de
1380 1923 1507 2020 ppt-sopp
1464 1927 1514 1969 ιιι

321 1962 1225 2094 executorumejmcem.monmolmengi,ffi1ut0m‚0m
1271 1989 1509 2118 Quiamtonortii

322 2112 471 2180 exhibito
493 2134 602 2181 coram
623 2115 720 2180 nobis
754 2117 953 2180 testamento
976 2113 1142 2199 quondam
1158 2111 1285 2178 domini
1307 2111 1405 2176 Jo·m
1380 2075 1504 2170 ”initi

321 2213 441 2280 hannis
463 2216 504 2282 de
520 2216 649 2302 Orrcby
662 2217 798 2282 rectoris
819 2217 962 2282 ecclcsiae
983 2217 1026 2281 dc
1039 2215 1233 2294 Wermuth',
1247 2219 1369 2281 nostra

323 2316 477 2397 dioecesis,
498 2339 606 2385 coram
628 2319 810 2385 venerabili
842 2323 946 2404 patre,
969 2318 1102 2384 domino
1125 2317 1281 2396 Waltaro,
1304 2316 1369 2384 Dei

321 2419 435 2504 gratia,
446 2418 678 2486 (lantuariensi
693 2418 942 2506 archiepiscopo,
958 2419 1061 2485 totius
1072 2418 1205 2507 Angliaa
1219 2419 1368 2505 primata,
1464 2497 1470 2504 ¹

176 2543 181 2550 ·
321 2520 459 2606 probato
488 2527 523 2588 ct
551 2521 727 2602 insinuato,
750 2521 845 2586 nobis
879 2521 1034 2608 apparuit
1062 2520 1255 2598 luculenter,
1278 2520 1366 2606 quod

321 2620 473 2688 dominus
494 2623 660 2689 Robertus
674 2623 716 2689 da
731 2622 902 2710 Wylugby
916 2622 1018 2702 miles,
1033 2623 1186 2688 dominus
1209 2621 1368 2688 Ricardus

320 2722 361 2788 dc
377 2723 580 2803 Rothewell’,
593 2724 768 2790 canonicus
790 2725 930 2791 ecclesiae
945 2725 1190 2802 Lincolnicneis,
1213 2724 1369 2809 magister

322 2823 505 2892 Willelmus
526 2827 568 2892 da
589 2827 722 2914 Pagala
747 2827 947 2905 clericus„et
976 2827 1140 2892 Robertua
1162 2826 1203 2891 de
1226 2825 1367 2911 Guneby

320 2931 399 2992 aunt
431 2927 468 2992 in
500 2928 589 2994 dicto
619 2933 820 2995 testamento
851 2934 1040 2995 executores
1071 2927 1243 3006 nominati,
1277 2928 1366 3014 ipsos

320 3049 431 3096 omnes
452 3034 488 3095 ct
510 3031 663 3118 singulos,
691 3030 734 3097 ad
767 3030 954 3118 proximum
985 3031 1073 3097 diem
1090 3031 1271 3117 juridicum
1293 3035 1369 3117 post

319 3130 440 3197 festum
455 3131 700 3220 Assumptionis
715 3133 827 3200 Beatae
843 3132 957 3199 Mariae
971 3132 1126 3220 Virginis,
1142 3155 1251 3202 coram
1263 3131 1370 3211 nobis,

320 3233 507 3318 ubicunque
529 3235 566 3298 in
587 3233 724 3302 civitate
738 3236 792 3301 val
807 3234 940 3302 dioecesi
963 3241 1076 3301 nostra
1097 3239 1179 3301 tunc
1200 3235 1367 3314 fuerimus,

320 3333 475 3421 alioquin,
498 3335 593 3402 nobie
622 3336 822 3415 absentibus,
855 3357 963 3403 coram
993 3335 1116 3401 nostrie
1149 3336 1187 3400 in
1208 3355 1248 3402 ea
1269 3342 1363 3422 parte

319 3437 550 3518 commissario,
565 3437 619 3502 vel
641 3437 879 3516 commissariis,
901 3439 939 3502 in
954 3435 1092 3502 Galilaea
1111 3435 1279 3518 Dunolmi‚
1296 3437 1366 3502 fora

320 3537 524 3606 decrevimus
555 3540 749 3621 evocandos,
771 3536 1092 3605 administrationem
1113 3541 1306 3624 recepturos,
1328 3537 1365 3602 in

280 3692 284 3697 .
319 3639 424 3706 forma
441 3640 537 3726 juris,
551 3641 712 3707 bonorum
734 3640 823 3706 idom
844 3639 1106 3727 contingentium
1121 3643 1364 3707 testamentum.

320 3742 479 3823 Quocirca
493 3742 557 3810 tibi
579 3742 816 3810 committimus
838 3743 1085 3824 emendamus,
1101 3745 1272 3830 quatenus,
1288 3743 1369 3808 visis

318 3847 544 3932 prasentibua
568 3845 683 3911 atatim
705 3845 749 3911 ad
780 3846 947 3912 ecclesiam
969 3845 1187 3932 parochialem
1209 3845 1250 3909 de
1273 3844 1378 3910 wer--

318 3945 422 4012 muth’
445 3946 619 4026 declinans,
643 3947 810 4034 proposito
832 3948 971 4034 publicae
1001 3947 1168 4013 citationis
1190 3943 1307 4021 edicto,
1329 3951 1364 4012 et

318 4049 376 4116 illo
398 4049 512 4115 taliter
533 4049 621 4115 notis
643 4055 678 4115 et
700 4050 812 4116 amicis
843 4049 924 4116 dicti
961 4048 1110 4114 defuncti
1131 4053 1167 4112 et
1188 4036 1364 4112 eorundem

318 4151 476 4238 exposito,
499 4152 588 4237 quod
610 4171 665 4216 eos
686 4151 789 4216 latere
811 4149 1035 4217 verisimiliter
1055 4169 1123 4214 non
1136 4148 1273 4228 valebit,
1288 4149 1366 4214 sub·

318 4254 455 4340 scriptos
489 4253 639 4319 dominos
672 4251 861 4332 Robcrtum,
884 4250 1062 4317 Ricardum
1094 4271 1132 4314 aa
1155 4249 1366 4327 Willalmum,

318 4360 352 4422 et
374 4355 477 4422 ctiam
499 4354 691 4433 Robartum,
706 4354 817 4420 citetis
838 4351 1062 4440 peremptoria,
1078 4349 1184 4417 modis
1214 4351 1366 4416 omnibns

318 4457 438 4543 quibus
459 4461 562 4544 potes,
586 4457 675 4542 quod
698 4455 795 4522 dictis
817 4455 870 4520 die
893 4461 927 4520 et
941 4455 1019 4522 locis
1033 4457 1244 4541 compareant
1258 4475 1366 4520 coram

316 4562 419 4644 nobis,
442 4561 495 4626 vel
528 4558 759 4627 commissariis
789 4557 919 4637 nostris,
942 4558 1071 4624 decreto
1103 4561 1217 4623 nostro
1249 4579 1361 4644 supra·

316 4664 405 4731 dicto
428 4685 486 4749 per
508 4662 620 4728 omnia
641 4659 790 4748 parituri,
812 4661 932 4730 facturi
963 4665 999 4726 at
1023 4659 1186 4747 recepturi
1216 4659 1363 4740 ulterius,

1162 4779 1189 4828 K
1213 4767 1233 4827 *Ζ
