3530 5708
493 776 693 827 nnorsrnmr
717 775 920 826 rsmrmmr
943 775 1184 825 susannense.
1297 761 1361 822 805

131 972 178 1016 aa.
187 971 302 1026 mma
313 953 473 1031 cedemus,
488 953 553 1018 nisi
568 951 715 1038 legitima
730 949 879 1018 excusati
894 949 1028 1028 merint,
1043 953 1078 1016 et
1092 948 1135 1014 dc
1149 949 1360 1016 excusatione
1391 973 1447 1020 an.
1456 977 1514 1020 ura

312 1053 511 1140 hujusmodi,
526 1053 649 1120 eisdem
666 1053 726 1122 ‚die
747 1057 783 1118 ct
797 1053 877 1130 loco,
898 1051 987 1116 facta
1007 1049 1108 1116 fuerit
1136 1049 1236 1137 plena
1257 1051 1361 1117 fides:

312 1155 353 1220 dc
376 1157 430 1222 die
444 1177 524 1222 vero
555 1154 768 1243 porrectionis
802 1152 1025 1240 prfflentium,
1060 1155 1095 1217 et
1131 1151 1273 1237 qualiter
1302 1151 1364 1218 hoc

311 1264 461 1326 nostrum
474 1257 604 1324 fueritis
619 1258 757 1338 executi,
773 1277 901 1323 necnon
922 1255 964 1320 de
986 1253 1173 1320 nominibus
1193 1253 1362 1334 abbatum,

311 1363 465 1446 priorum,
487 1360 798 1442 archidiaconomm,
815 1380 873 1426 seu
895 1359 1041 1444 ipsorum
1056 1357 1264 1440 vicariorum,
1279 1378 1362 1444 pmc-

311 1462 502 1549 positcrum,
518 1463 725 1540 decanorum,
741 1465 966 1530 conventuum
982 1465 1017 1526 et
1032 1458 1263 1546 capitulorum,
1278 1481 1364 1545 praa·

312 1565 477 1632 dictorum
498 1587 558 1630 nos
572 1565 728 1631 distincte
751 1569 787 1629 et
807 1569 929 1650 aperte,
944 1562 1027 1628 citra
1041 1562 1168 1629 dictum
1184 1561 1364 1628 crastinum

312 1667 445 1734 Sanctae
455 1666 630 1732 Trinitatis
642 1666 859 1732 certificantes
870 1686 928 1752 per
942 1670 1069 1730 vestras
1081 1669 1233 1752 patentes
1244 1663 1365 1740 literas,

311 1769 429 1834 harum
452 1769 569 1835 seriem
604 1769 820 1835 continentes.
867 1767 991 1833 Datum
1014 1766 1165 1846 Eboraci,
1192 1765 1271 1850 xvij.
1296 1763 1361 1830 kal.

312 1867 336 1936 J
337 1872 418 1949 unii,
434 1893 521 1937 anno
536 1871 661 1938 Gratiae
684 1871 858 1936 millesimo
880 1883 982 1936 cccm0.
1000 1865 1366 1946 sextodecimo—Quas

312 1973 446 2058 quidem
468 1973 582 2040 literas
604 1980 732 2040 vestras
751 1972 882 2039 officiali
903 1975 1018 2038 nostro
1042 1970 1260 2037 Dunolmensi
1276 1969 1366 2035 misi-

313 2097 387 2138 mus
402 2075 632 2161 exequendas3
656 2097 713 2163 per
728 2075 822 2161 cujus
843 2073 1111 2141 certificatorium
1126 2071 1222 2137 nobis
1237 2076 1367 2136 constat
1412 2048 1445 2090 ‘’

314 2176 402 2261 quod
433 2176 523 2264 prior
545 2177 687 2244 ecclesiae
721 2181 842 2242 nostrae
872 2175 1114 2255 Drmolmcnsis,
1145 2173 1366 2238 archidiaconi

314 2277 547 2344 Dunolmensis
579 2285 615 2344 et
646 2277 904 2360 Northumbriae,
932 2278 1019 2362 quod
1043 2275 1267 2364 personaliter,
1291 2295 1366 2340 con-

314 2383 434 2444 ventus
466 2401 545 2445 vero
580 2375 827 2458 Dunolmensis,
865 2384 900 2444 et
930 2379 1036 2443 clerus
1079 2376 1366 2444 archidiaconatus

315 2481 469 2566 ejusdem,
493 2483 582 2568 quod
605 2503 664 2570 per
700 2485 937 2571 procuratores,
975 2502 1084 2547 coram
1110 2480 1205 2545 vobis
1236 2501 1364 2567 compa

314 2589 419 2665 reant,
441 2591 519 2650 sunt
541 2585 636 2651 citati
659 2638 666 2653 .
690 2640 696 2652 .
719 2637 726 2654 .
751 2585 887 2652 abbates
920 2583 1082 2670 siquidem
1111 2584 1153 2649 de
1179 2582 1365 2672 Alnewyk',

315 2687 414 2753 Novo
437 2687 646 2776 Monasterio,
683 2694 719 2755 et
741 2687 828 2754 Alba
850 2687 975 2766 Lenda,
999 2708 1037 2754 ac
1166 2688 1291 2775 priores
1324 2686 1366 2754 de

315 2789 566 2874 Brynkebourn'
592 2796 627 2856 et
648 2791 690 2855 dc
723 2789 935 2877 Tynemuth',
960 2807 1089 2856 necnon
1112 2796 1294 2856 conventus
1331 2795 1366 2855 et

315 2891 460 2977 capitula
490 2893 763 2959 monasteriorum
790 2894 977 2973 eorundem,
998 2915 1037 2960 ac
1059 2893 1181 2960 clerum
1202 2892 1364 2960 archidia-

316 3000 453 3060 conatus
466 2995 726 3074 Northumhriae,
736 2995 823 3061 idem
839 3047 846 3063 .
864 3048 870 3063 .
894 2995 1041 3062 officialis
1056 2997 1182 3075 citavit,
1195 2995 1284 3084 apud
1296 2995 1365 3060 No-

315 3119 395 3162 vum
411 3097 566 3163 Castrum
586 3119 684 3185 super
695 3098 834 3183 Tynam,
854 3119 914 3186 pro
937 3121 975 3165 eo
991 3099 1080 3184 quod
1095 3099 1137 3165 ad
1157 3099 1229 3166 loca
1249 3119 1363 3166 eorum

315 3203 410 3266 tutus
425 3200 531 3266 eidem
546 3220 694 3267 accessus
708 3221 775 3266 non
790 3201 910 3288 patuit,
933 3201 1022 3285 quod
1044 3221 1153 3266 coram
1167 3201 1263 3267 vobis
1277 3223 1364 3268 com-

315 3307 463 3390 parcant,
472 3303 573 3388 juxta
586 3309 772 3369 vestrarum
795 3303 986 3386 formamet
998 3303 1237 3369 continentiam
1252 3303 1363 3370 litera·

315 3429 396 3472 rum.
441 3405 567 3472 Datum
605 3406 695 3492 apud
732 3405 887 3493 Rychale,
926 3405 981 3470 die
1018 3403 1149 3470 Sanctae
1178 3404 1363 3485 Tmnitatis,

316 3531 401 3576 anno
416 3509 552 3575 Domini
574 3508 773 3596 supradicto,
796 3512 832 3574 et
846 3506 1098 3573 consecrationis
1119 3512 1241 3573 nostrae
1259 3511 1362 3573 sexto.

316 3694 508 3746 uenerandum
524 3697 556 3746 d,
657 3658 756 3742 Quod
792 3657 851 3745 xjo.
890 3656 944 3723 die
975 3655 1080 3741 Iunii,
1110 3678 1198 3722 anno
1230 3655 1366 3724 Domini
1378 3658 1506 3754 fflgpfl·

316 3760 559 3814 assensimus.
611 3763 740 3830 m⁰.ccc⁰.
774 3761 1004 3838 sextodecimo,
1025 3761 1185 3829 concessit
1213 3761 1365 3828 dominus
1378 3761 1486 3855 {fiffitssr

315 3862 429 3928 uam
460 3863 661 3932 marsana
695 3863 841 3930 soban
873 3864 942 3930 suo
967 3863 1101 3930 niara
1123 3863 1165 3928 aa
1187 3823 1530 3956 Pykeden’,gg;1}⁵{¹{0,{t,3,

315 3965 357 4029 ad
379 3989 491 4031 omnes
514 3967 644 4034 ordines
666 3967 918 4055 suscipiendum.
964 3967 1059 4044 Item,
1073 3965 1187 4031 eodem
1203 3964 1266 4046 dic,
1283 3961 1536 4059 wil-{dffidfflkt

315 4068 412 4134 lelmo
434 4069 503 4134 filio
521 4067 677 4135 Willelmi
701 4071 742 4135 de
765 4068 931 4146 Prudhou,
947 4069 990 4134 ad
1013 4089 1127 4134 omnes
1150 4066 1289 4146 ordines,
1305 4061 1464 4136 etam

316 4170 411 4252 Item,
444 4171 558 4238 eodem
592 4173 656 4250 die,
677 4172 763 4238 Adae
795 4172 864 4236 filio
887 4171 1023 4236 Ricardi
1046 4170 1086 4235 de
1115 4168 1293 4255 Pykeden’,
1321 4169 1365 4236 ad

317 4295 429 4340 omncs
443 4275 583 4355 ordines,
605 4280 668 4342 eto.
699 4276 796 4354 Item,
812 4275 926 4342 eodem
941 4273 1004 4354 die,
1019 4272 1167 4338 Iohanni
1182 4271 1223 4336 de
1239 4271 1365 4358 Throp-

316 4373 394 4456 hill’,
416 4377 460 4442 ad
483 4399 594 4445 omncs
609 4378 749 4461 ordines,
772 4382 831 4444 etc.
878 4377 973 4459 Item,
997 4375 1110 4442 codem
1132 4375 1196 4454 die,
1220 4373 1364 4440 Roberto

315 4478 384 4566 filio
415 4479 581 4549 Iohannis
623 4483 664 4550 de
697 4481 871 4568 Rotheley,
902 4479 947 4546 ad
977 4499 1089 4546 omnes
1121 4479 1261 4560 ordines,
1303 4481 1363 4546 etc

315 4579 409 4662 Item,
433 4584 549 4651 eodem
571 4585 634 4668 die,
656 4585 741 4652 Adae
764 4585 833 4651 filio
854 4582 1020 4650 Iohannis
1042 4583 1084 4650 dc
1106 4581 1297 4671 Rotheleye‚
1319 4581 1387 4672 ad,

313 4709 428 4757 omnes
453 4689 584 4758 ordines
622 4693 682 4758 etc.
727 4690 823 4772 Item,
850 4689 965 4757 eodem
1003 4689 1066 4772 die,
1097 4687 1261 4758 Willelmo
1294 4685 1364 4754 filie
