3562 5710
509 863 707 916 aaarsrscu
730 861 933 914 murmura
956 863 1197 916 susurrasse.
1288 851 1376 918 1043

161 1052 408 1140 A¹¹·E¹³¹⁸⁰·tpor·e
429 1053 570 1120 fuissent
597 1055 732 1142 adepti3
756 1061 790 1122 et
823 1045 1015 1134 Willelmus,
1038 1057 1204 1142 qnondam
1226 1055 1307 1122 baro
1339 1054 1381 1120 de
1409 1061 1466 1108 Μ).
1474 1063 1532 1108 1³¹⁶·

331 1155 513 1242 Oraystok’,
527 1157 734 1244 postmodum
757 1156 910 1223 dominus
931 1157 1070 1224 manerii
1092 1158 1250 1245 praedicti,
1273 1161 1382 1223 totum

326 1258 384 1342 jus
418 1263 452 1325 et
489 1259 643 1326 clamium
677 1259 766 1346 quod
797 1258 934 1338 habuit,¹
959 1258 1013 1326 vel
1044 1259 1164 1327 habere
1196 1259 1317 1348 potnit,
1346 1258 1383 1322 in

330 1359 543 1428 advocatione
576 1361 643 1439 illa,
675 1383 735 1448 pro
769 1381 818 1428 se·
841 1365 876 1427 et
909 1361 1094 1428 haeredibus
1125 1362 1201 1442 saris,
1235 1358 1384 1450 praefatis

330 1461 444 1528 abbati
466 1467 501 1528 et
532 1464 710 1530 conventui
732 1485 791 1550 par
820 1464 980 1550 scriptum
1010 1485 1106 1530 suum
1139 1463 1328 1539 remisisset,
1349 1465 1384 1528 ct

331 1564 479 1649 quietum
509 1567 681 1633 clamasset
695 1565 871 1653 ;·diotique
893 1566 996 1633 abbas
1019 1572 1054 1632 et
1074 1571 1257 1633 conventus
1288 1564 1387 1631 eccle·

331 1664 413 1730 siam
450 1669 651 1754 praedictam,
683 1690 742 1755 per
772 1668 886 1735 literas
922 1669 1018 1736 bonae
1055 1668 1221 1735 memoriae
1259 1665 1386 1732 domini

331 1767 522 1847 Alexandri,
545 1771 710 1855 quondam
733 1770 841 1858 Papae,
866 1769 994 1851 Quarti,
1017 1769 1169 1850 bullatas,
1194 1772 1229 1835 at
1251 1787 1385 1833 assensu

332 1869 477 1950 Roberti,
512 1872 678 1957 quondam
707 1871 942 1938 Dunelmensis
964 1871 1116 1960 episcopi,
1138 1867 1385 1958 praedecessoris

331 1972 435 2038 vestri
456 1975 729 2060 appropriassent,
752 1980 786 2040 et
808 1995 881 2041 eam
903 1973 1148 2061 appropriatam
1171 1971 1305 2059 pacifice
1327 1991 1386 2057 per

332 2095 489 2162 magnum
520 2079 651 2164 tempus
673 2077 867 2156 tenuissent,
891 2097 1059 2162 quousque
1081 2074 1257 2156 Antonius,
1279 2092 1386 2159 nuper

332 2177 501 2264 episcopus
538 2177 601 2244 loci
645 2179 796 2266 pmedicti
826 2177 973 2256 ultimus,
1011 2177 1227 2264 praedecessor
1267 2180 1385 2270 vester,

332 2276 516 2355 Walterum
546 2279 587 2344 de
610 2279 766 2357 Olifford',
790 2279 952 2359 clericum,
975 2301 1033 2366 per
1061 2278 1257 2356 Johamem,
1282 2296 1385 2363 quon-

333 2379 410 2444 dam
432 2380 587 2447 baronem
610 2381 651 2447 dc
666 2381 849 2467 Oraystok’,
863 2381 969 2446 filium
993 2386 1027 2446 et
1048 2380 1212 2448 heredem
1234 2378 1387 2466 predicti

333 2481 500 2562 willelmi,
531 2483 574 2549 ad
605 2483 828 2549 remissionem
851 2489 885 2548 et
907 2481 1280 2570 quietam-clamantiam
1302 2501 1387 2568 prae·

333 2583 413 2648 dicti
443 2584 547 2672 patris
569 2585 622 2650 sui
651 2590 835 2672 respectum
857 2606 925 2650 non
945 2583 1123 2651 habentem
1154 2587 1299 2669 tempore
1322 2602 1387 2668 quo

332 2685 467 2751 abbatia
499 2686 539 2751 de
562 2686 683 2754 Sancto
705 2685 845 2763 Albana,
868 2707 926 2772 per
957 2690 1096 2751 mortem
1128 2684 1257 2772 Rogeri,
1280 2703 1388 2771 nuper

332 2787 462 2854 abbatis
500 2787 645 2873 ejusdem
682 2787 753 2867 loci,
791 2787 932 2870 vesuvii,
971 2792 1006 2853 et
1040 2787 1075 2852 in
1113 2807 1215 2856 manu
1259 2785 1387 2853 domini

332 2888 497 2967 Edwardi,
521 2889 687 2975 quondam
710 2889 796 2977 regis
819 2888 960 2976 Angliaa,
982 2888 1086 2976 patris
1120 2887 1238 2970 nostri,
1261 2888 1385 2966 extitit,

332 2995 576 3079 praesentatum,
613 2993 656 3058 ad
693 2993 798 3080 ipsam
837 2991 1003 3059 ecelesiam
1040 2989 1183 3071 admisit,
1221 2993 1263 3069 et,
1296 2991 1385 3057 dicto

331 3101 423 3180 patre
445 3098 557 3160 nostro
590 3094 725 3182 penitus
756 3095 947 3173 inconsulto,
969 3098 1129 3162 rectorem
1161 3093 1310 3159 instituit
1346 3093 1384 3158 in

332 3198 453 3278 ecdem,
476 3202 548 3263 tam
580 3196 617 3261 in
640 3196 721 3263 dicti
754 3197 857 3283 patris
887 3197 993 3262 nostri
1016 3195 1254 3284 praejudicium,
1285 3215 1384 3282 quam

332 3299 475 3368 ecclesias
495 3298 639 3367 abbatiae
654 3299 831 3387 predictae,
854 3299 895 3364 de
918 3298 1165 3386 progenitorum
1194 3303 1382 3365 nostrorum

332 3406 367 3468 et
388 3403 510 3471 nostris
532 3401 746 3488 eleemosynis
775 3400 932 3480 fundatae,
956 3401 1254 3492 exhaeredationem
1276 3399 1382 3466 mani·

331 3504 472 3585 festam3
495 3507 533 3569 ac
549 3504 621 3589 jam
643 3506 781 3570 vacante
805 3501 939 3569 ecclesia
961 3501 1028 3585 illa,
1052 3523 1111 3588 per
1133 3506 1272 3567 mortem
1294 3523 1378 3588 prae-

332 3607 414 3672 dicti
445 3605 593 3687 Walteri,
625 3603 820 3691 Rcdulphus
853 3603 942 3668 filius
972 3602 1139 3681 Willelmi,
1174 3603 1233 3689 qui
1255 3606 1380 3668 statum

332 3707 481 3795 praedicti
496 3707 520 3773 J
521 3707 667 3786 ohannis,
678 3706 844 3793 quondam
858 3705 999 3782 baronis,
1009 3705 1047 3770 in
1062 3703 1207 3772 manerio
1222 3704 1380 3791 praedicto

331 3809 441 3888 habet,
465 3814 503 3874 ut
525 3809 655 3891 dicitur,
678 3807 852 3896 praedictos
874 3807 1026 3874 abbatem
1049 3813 1084 3873 at
1106 3811 1305 3874 conventum
1327 3827 1386 3894 per

331 3912 432 3978 breve
469 3915 618 3976 nostrum
650 3910 691 3976 de
726 3909 838 3993 Quarta
870 3907 1025 3996 daudet,
1055 3931 1164 3979 coram
1190 3907 1385 3995 justiciariis

217 4077 219 4084 ,
332 4014 451 4080 vestris
484 4013 573 4080 infra
594 4013 781 4079 libertatem
812 4016 956 4077 vestram
978 4011 1243 4090 Dunolmensem,
1265 4009 1383 4098 impla·
1432 4032 1524 4077 cauo.

331 4116 412 4184 citet
436 4115 705 4184 deudvocatione
720 4113 928 4202 supradicta:
950 4133 1018 4197 nos,
1034 4114 1277 4182 considerantes
1292 4111 1380 4198 quod

331 4217 435 4286 abbas
466 4225 600 4286 etaonv
613 4220 713 4284 entus
739 4215 902 4304 praedicti,
924 4219 1071 4302 tempore
1093 4215 1276 4284 vacationis
1298 4233 1382 4302 praa-

332 4321 439 4399 dictae,
447 4321 548 4388 alium
558 4341 656 4406 quam
671 4319 846 4407 praefatum
859 4321 987 4406 patrem
1002 4322 1152 4384 nostrum
1166 4316 1384 4404 responsalem

330 4445 398 4490 non
419 4423 616 4502 habuerunt,
630 4443 691 4490 nec
713 4421 938 4500 defensorem
960 4419 1056 4486 vobis
1078 4419 1281 4497 mandamus,
1297 4417 1384 4505 quod

204 4525 208 4532 '
326 4526 521 4611 justiciariis
542 4525 662 4592 vestris
684 4525 859 4612 predictis,
875 4544 934 4610 per
955 4521 1067 4588 literas
1088 4526 1225 4601 vestras,
1241 4521 1326 4586 dctis
1348 4521 1384 4584 in

332 4629 508 4708 mandatis,
529 4628 616 4714 quod
639 4628 669 4693 si
691 4628 862 4713 contingat
884 4625 1054 4714 praemissa
1075 4644 1183 4691 coram
1206 4623 1287 4711 ipsis
1309 4623 1406 4688 alle·

1147 4741 1171 4789 r
1184 4727 1254 4789 Aa
1325 4737 1329 4742 ·
