3530 5708
470 825 669 876 nsorsrnnn
693 822 896 877 rrusrrnrnr
918 825 1157 879 nurmunnsa
1273 815 1338 884 769
1461 843 1464 851 ·

111 1023 276 1080 nasama
289 1011 333 1076 ad
355 1011 417 1078 hoc
443 1011 604 1078 duxeritis
641 1011 865 1094 ordinandam,
901 1035 968 1081 non
1007 1015 1159 1081 obstante
1185 1015 1274 1101 quod
1302 1014 1338 1079 in
1368 1035 1492 1083 annno.

289 1114 448 1199 praedicta
470 1114 666 1180 Eboraccnsi
692 1115 826 1180 dioecesi
857 1115 1072 1182 beneficiatus
1097 1117 1229 1196 existat,
1243 1117 1339 1182 vobis

288 1215 487 1295 conferendi,
502 1223 537 1282 et
558 1217 589 1282 ei
611 1217 799 1304 recipiendi,
814 1216 1008 1304 hujusmodi
1033 1219 1183 1285 ordinem
1205 1217 1338 1284 subdia-

288 1323 434 1398 conatus,
466 1318 544 1384 dum
577 1323 691 1384 tamen
732 1319 824 1384 aliud
864 1321 1058 1386 canonicum
1090 1343 1159 1387 non
1189 1320 1337 1402 obsistat,

286 1419 432 1499 liberam,
454 1424 567 1486 tenore
597 1421 824 1507 praesentium,
846 1422 1057 1488 concedimus
1078 1421 1280 1501 facultatem,
1303 1429 1338 1489 et

285 1521 452 1588 licentiam
470 1521 651 1609 specialem.
697 1523 825 1589 Datum
847 1523 996 1602 Eboraci,

286 1624 355 1704 arii,
377 1645 464 1690 anno
487 1624 614 1690 Gratiae
638 1623 814 1691 millesimo
836 1622 912 1694 ccc⁰.
935 1626 1191 1712 quintodecimo.

287 1877 434 1930 eommim
452 1880 484 1930 au
522 1848 524 1852 ·
577 1827 766 1894 Venerabili
809 1829 846 1894 in
882 1828 1015 1895 Christo
1059 1830 1158 1916 patri,
1201 1829 1337 1895 domino
1350 1835 1473 1942 alffius

286 1946 461 1995 celerrimum
518 1929 669 2006 Ricardo,
698 1929 762 1994 Dci
786 1929 905 2016 gratia,
935 1930 1154 1996 Dunolmensi
1177 1931 1337 2017 episeopo,
1350 1949 1497 2008 mammon

286 2010 393 2062 “m
516 2032 568 2096 sui
590 2030 732 2095 humiles
754 2035 790 2096 et
811 2031 933 2108 devoti,
955 2031 1119 2096 Robertus
1142 2031 1283 2096 decanus
1305 2036 1341 2096 et
1351 2000 1448 2090 {⁰113ss
1440 2012 1507 2098 dar.

284 2131 469 2217 capitulum
499 2132 642 2198 ecclesiae
671 2131 769 2196 Beati
791 2131 883 2196 Petri
906 2130 1128 2208 Eboracensis,
1158 2131 1234 2197 sede
1255 2098 1495 2217 ejus-iffi

286 2233 362 2298 dem
393 2237 541 2310 vacante,
570 2232 720 2309 salutem,
750 2252 823 2296 oum
855 2231 1053 2296 omnimodis
1089 2233 1276 2298 reverentia
1305 2237 1341 2298 et

286 2334 411 2398 honore
434 2332 555 2398 debitis
581 2338 678 2398 tanto
700 2333 796 2419 patri.
852 2332 908 2397 Ad
929 2333 1149 2399 ordinandum
1173 2334 1340 2400 Simonem

286 2433 370 2502 Gell’
394 2434 435 2499 de
458 2433 725 2520 Schardeburgb',
759 2433 911 2500 clericum
943 2431 1158 2500 Eboraoensis
1181 2435 1340 2513 dioecesis,

286 2536 462 2600 diaconum
493 2536 536 2601 ad
568 2535 717 2601 ordinem
748 2534 1007 2623 presbyteratus,
1037 2535 1099 2600 bac
1121 2537 1262 2602 instanti
1284 2537 1339 2602 die

286 2637 426 2704 Sabbati
450 2643 468 2672 “
484 2635 634 2717 Quatuor
656 2637 882 2724 Temporum,’'
913 2638 1066 2724 proxima
1090 2637 1193 2724 [post]
1216 2637 1338 2705 festum

286 2740 419 2806 Sanctae
461 2738 570 2804 Luciae
607 2737 764 2825 Virginis,
799 2738 836 2802 in
874 2759 1066 2826 quacunque
1113 2739 1247 2805 ecclesia
1283 2739 1337 2806 vel

286 2841 409 2928 capella
442 2840 659 2906 Eboracensis
689 2839 848 2917 dioecesis,
873 2861 974 2926 quam
1005 2841 1049 2906 ad
1081 2840 1143 2907 hoc
1173 2841 1336 2908 duxeritis

286 2941 513 3020 ordinandam,
539 2941 634 3027 [non]
664 2941 817 3007 obstante
839 2942 931 3026 quod
954 2942 995 3007 de
1020 2943 1182 3029 praedicta
1211 2945 1337 3009 Ebora·

286 3045 374 3110 censi
396 3044 528 3110 dioecesi
558 3042 717 3108 oriundus
744 3042 870 3123 existit,
893 3043 987 3109 vobis
1021 3043 1210 3110 conferendi
1241 3051 1276 3110 et
1306 3045 1337 3110 ei

285 3145 473 3233 recipiendi,
487 3144 675 3231 hujusmodi
691 3143 839 3210 ordinem
859 3145 1115 3231 presbyteratus,
1131 3145 1210 3210 dum
1225 3149 1338 3211 tamen

286 3248 377 3313 aliud
401 3246 594 3312 canonicum
624 3267 691 3311 non
713 3245 863 3322 obsistat,
893 3244 1039 3325 liberam,
1061 3252 1174 3312 tenore
1197 3267 1338 3332 praesen-

286 3349 380 3427 tium,
402 3347 612 3414 concedimus
648 3347 851 3424 facultatem,
878 3351 913 3411 et
949 3347 1118 3412 licentiam
1157 3348 1337 3432 specialem.

286 3552 399 3618 lesimo
421 3547 568 3618 ccc⁰.xv⁰.

588 3751 763 3820 Universis
796 3751 921 3820 Christi
955 3751 1106 3818 fidelibus
1139 3757 1252 3840 pateat
1282 3755 1466 3840 pernotare

287 3822 373 3874 Libera
382 3819 506 3876 ordinum.
1352 3807 1486 3860 succurro

547 3859 734 3942 praesentes,
767 3855 856 3940 quod
897 3875 965 3932 nos,
1000 3853 1168 3930 Blandus,
1203 3855 1489 3959 permis-&lm

286 3947 378 4016 sione
421 3951 543 4035 divina,
589 3955 824 4020 Dunolmensis
871 3957 1049 4043 episcopus,
1097 3955 1152 4019 die
1200 3953 1494 4019 Sabbatilhcthm·

288 4057 306 4086 ‘⁸
323 4051 474 4132 Quatuor
507 4057 732 4145 Temporum,”
766 4057 918 4144 plloxima
951 4062 1026 4140 P⁰⁸l
1059 4053 1180 4120 fefllum
1210 4055 1339 4120 3²³⁰oe
1352 4007 1494 4159 &ilia

287 4151 401 4220 Luciae
432 4157 586 4244 Virginis,
616 4181 704 4224 anno
734 4158 872 4224 Domini
899 4157 1073 4222 millesimo
1102 4152 1180 4222 ccc⁰.
1208 4155 1340 4242 quinto-

286 4257 421 4336 decimo,
436 4259 473 4324 in
495 4261 618 4347 capella
640 4261 727 4326 infra
749 4260 932 4328 manerium
954 4265 1103 4324 nostrum
1124 4259 1165 4324 de
1180 4257 1341 4324 Welhalls

286 4359 420 4442 situata,
453 4365 649 4450 magistrum
684 4365 852 4450 Rogerum
875 4361 915 4426 de
938 4361 1143 4448 Kingeston’,
1165 4359 1339 4446 acolytum,

286 4459 328 4526 de
357 4461 495 4528 licentia
519 4465 762 4531 venerabilium
785 4463 940 4541 virorum,
963 4462 1090 4527 domini
1126 4510 1193 4528 ...
1218 4461 1340 4542 decani,

287 4567 322 4627 et
352 4617 359 4630 .
392 4617 398 4630 .
431 4617 438 4632 .
471 4566 609 4653 capituli
640 4565 861 4642 Eborecensia
892 4564 969 4630 sede
1007 4563 1154 4650 ejusdem
1191 4571 1339 4646 vacante,

280 4687 394 4732 sacros
424 4667 556 4740 ordines
587 4668 798 4749 celebrantes,
829 4666 924 4732 nobis
951 4665 1128 4734 eorundem
1153 4688 1251 4754 super
1279 4667 1341 4732 hoc

374 4784 454 4836 voc.
469 4787 505 4836 11.
1086 4779 1095 4794 “
1185 4787 1207 4834 s
