3354 5702
449 484 534 550 1286
626 496 826 549 nnsrsrnrm
848 497 1051 548 rrmrrrosr
1074 497 1315 550 normmmsn
1399 511 1406 523 ·

251 765 254 772 .
296 699 418 746 nuans
447 681 636 748 vominibus
659 687 693 748 et
721 681 985 748 attechiementis
1014 701 1127 770 pcosm
1151 680 1316 750 consecuti
1337 651 1596 765 foeminum

448 787 484 848 et
505 781 568 850 hoc
591 781 769 849 audierunt
791 787 827 850 et
848 782 1016 860 viderunt,
1039 787 1079 848 ut
1100 781 1224 849 dicunt

269 963 413 1090 ffiprbop
449 1039 527 1092 Carra
541 1039 639 1092 blm
656 1047 683 1091 et
762 989 930 1106 Ricardus,
963 977 1175 1074 permissione
1207 989 1333 1070 divina,
1366 989 1487 1054 Dnnol·

280 1093 403 1192 effi
395 1097 497 1156 enteno
498 1113 597 1184 ventus⁸
615 1105 656 1156 No
656 1104 681 1156 vi
714 1091 836 1156 mensis
865 1090 1044 1176 episeopus,
1075 1090 1227 1155 omnibus
1257 1089 1384 1156 Christi
1412 1090 1487 1156 fide·

280 1195 359 1236 ιω.
339 1147 495 1288 ζωῖἵοΜθ
496 1178 597 1222 ΝΜ
713 1191 811 1270 libus,
841 1191 885 1254 sd
914 1211 995 1276 quos
1024 1196 1200 1276 praesentos
1236 1190 1343 1256 liter-se
1378 1211 1486 1277 pervo-

281 1291 367 1346 ⁰¹¹⁸P'
367 1293 404 1338 ⁰¹¹·
447 1294 567 1375 norint,
583 1293 756 1360 salutem
746 1314 783 1358 m
797 1290 940 1359 Domino
955 1292 1193 1379 sempiternam.
1240 1290 1486 1358 Considernntes

355 1441 357 1446 .
447 1394 577 1472 damna,
606 1395 753 1481 jocturss
786 1398 822 1459 et
844 1392 1077 1479 oppressiones,
1101 1413 1167 1478 quo
1189 1391 1301 1459 dilecti
1331 1393 1463 1458 nobis
1453 1415 1486 1457 m

447 1493 586 1573 Christo,
608 1495 785 1572 Johsnnes,
807 1493 910 1560 abbas
939 1492 1029 1558 Novi
1059 1493 1259 1574 Monssterii,
1282 1498 1317 1559 et
1346 1492 1487 1578 ejusdem

447 1595 510 1660 loci
531 1601 721 1676 convontus,
745 1617 804 1682 per
826 1593 956 1660 crebras
982 1594 1169 1660 invasiones
1190 1599 1225 1658 ot
1247 1593 1487 1659 devastationes

448 1695 645 1773 Scottorum,
659 1695 895 1771 sustinuerunt,
922 1699 957 1759 et
978 1695 1021 1759 od
1043 1694 1237 1760 instantiam
1267 1693 1404 1760 illustris
1434 1695 1487 1759 do

448 1797 531 1860 mini
561 1797 676 1874 nostri,
706 1795 831 1860 domini
860 1793 1025 1872 Edwsrrii,
1052 1793 1138 1880 regis
1160 1794 1300 1880 Angues,
1329 1800 1486 1881 quantum

446 1897 483 1962 in
514 1897 609 1962 nobis
640 1901 699 1974 est,
721 1895 947 1972 concessimus,
970 1900 1005 1960 et
1036 1895 1189 1980 praesenti
1220 1895 1343 1980 scripto
1371 1900 1487 1975 nostro,

447 1997 644 2063 auctoritate
661 1994 845 2082 episcopali,
867 1995 1140 2076 confirmavimus,
1164 2000 1198 2060 et
1219 1996 1380 2074 volumus,
1404 1997 1488 2082 quod

318 2105 320 2110 ’
447 2096 547 2161 iidem
567 2096 669 2162 sbbrs
684 2101 718 2161 et
732 2101 921 2172 conventus,
937 2099 972 2161 et
994 2117 1106 2161 corum
1129 2117 1332 2174 successores,
1348 2089 1488 2163 habeant

447 2202 481 2260 et
504 2201 648 2276 teneant,
672 2196 760 2262 infra
781 2195 964 2261 manerium
987 2217 1083 2260 suum
1105 2196 1147 2262 de
1176 2195 1364 2282 Ohopwoll',
1377 2197 1414 2261 in
1442 2221 1488 2264 se·

447 2297 551 2382 parali
573 2318 641 2376 suo,
656 2297 746 2362 omni
768 2302 913 2382 tempore
934 2296 1023 2374 snni,
1038 2297 1075 2360 in
1089 2300 1291 2383 perpetuum,
1307 2297 1398 2363 selvo
1415 2298 1487 2384 jure

448 2396 623 2481 cujuslibet
645 2396 789 2474 alterius,
811 2402 915 2462 terras
937 2401 972 2461 et
993 2397 1113 2474 boscos,
1136 2401 1171 2463 et
1192 2401 1389 2478 tenemento,
1405 2397 1488 2464 infra

447 2495 570 2561 divisse
599 2497 800 2583 subscriptos
822 2501 999 2575 contento.;
1022 2496 1183 2579 videlicet,
1217 2498 1403 2584 incipiendo
1432 2498 1486 2562 ubi

447 2595 711 2660 Milkewelburn'
744 2597 833 2661 cedit
867 2597 904 2661 in
940 2596 1107 2675 Derwent,
1129 2603 1165 2663 ct
1200 2597 1256 2676 sic,
1277 2598 1486 2676 moendendo,

446 2715 550 2781 usque
580 2696 624 2759 sd
645 2703 742 2762 vetus
772 2694 931 2762 fossatum
962 2719 1057 2762 suum
1080 2699 1120 2764 de
1145 2698 1350 2784 Rsvensyde,
1374 2705 1410 2764 et
1434 2700 1486 2777 sic,

447 2796 488 2862 dc
519 2797 666 2862 cornerio
703 2796 806 2882 ipsius
838 2796 962 2880 fossati,
1001 2798 1165 2884 sequendo
1202 2799 1367 2884 quoddam
1399 2799 1487 2865 eliud

445 2900 543 2962 vetus
571 2896 878 2975 fossatumrersus
900 2898 1068 2979 orientem,
1091 2919 1149 2984 per
1178 2899 1356 2965 bermrism
1386 2900 1487 2966 orien-

265 3045 269 3053 -
383 3051 390 3065 .
445 2995 547 3063 talem
569 2997 673 3083 ipsius
695 2997 844 3078 abbatim
868 3003 903 3064 et
924 2999 979 3080 sic,
1002 2998 1226 3064 descendendo
1247 3021 1305 3085 per
1327 3000 1486 3086 quendam

445 3101 600 3178 rivulum,
623 3101 680 3188 qui
695 3107 832 3168 vocatur
846 3103 893 3167 Le
915 3101 1112 3182 Wodeclok',
1128 3125 1231 3190 usquc
1251 3105 1294 3169 sd
1310 3103 1356 3171 Le
1371 3103 1488 3170 Stoke-

446 3202 532 3280 stili,
556 3202 735 3268 secundum
756 3203 845 3288 quod
866 3224 988 3269 novum
1010 3203 1169 3270 fossatum
1193 3205 1341 3270 levatum
1363 3211 1433 3286 est3
1454 3213 1488 3272 st

446 3301 501 3380 sic,
524 3303 725 3370 transeundo
747 3325 805 3388 per
826 3308 973 3368 veterem
1003 3303 1134 3389 hsysm,
1156 3326 1261 3392 usquo
1292 3305 1335 3370 ed
1367 3306 1487 3372 divisos

445 3402 533 3468 inter
565 3402 736 3468 baroniam
767 3404 808 3469 de
837 3403 1063 3490 Wininghton'
1096 3409 1132 3470 et
1161 3405 1244 3470 dicti
1280 3407 1419 3472 manerii
1447 3406 1487 3471 de

447 3501 625 3587 Ohopwell'
640 3527 648 3582 ;
665 3508 699 3567 et
714 3504 768 3581 sic,
790 3504 1015 3570 descendendo
1025 3527 1084 3591 per
1098 3505 1220 3591 hoyum
1235 3505 1338 3592 ipsius
1352 3505 1487 3584 abbatis,

447 3602 535 3666 inter
555 3602 689 3669 boscum
719 3625 814 3668 suum
837 3610 872 3670 et
894 3610 1013 3671 terram
1044 3605 1176 3684 cultam,
1191 3628 1294 3692 usque
1323 3607 1360 3672 in
1387 3607 1487 3674 Dere-

446 3702 546 3768 went'
557 3726 566 3782 ;
597 3703 647 3768 its
667 3708 790 3785 tamen,
813 3706 901 3790 quod
932 3705 960 3770 si
982 3706 1092 3772 averio
1114 3713 1234 3784 nostra,
1257 3709 1312 3773 vel
1333 3707 1488 3774 snimslie

445 3807 559 3868 nostre
598 3803 652 3870 vel
689 3807 876 3871 tenentium
918 3811 1113 3884 nostrorum,
1147 3813 1281 3894 propter
1324 3807 1487 3874 defectum

399 3941 408 3956 ·
445 3903 619 3970 eleusturae
641 3905 766 3970 dictum
791 3907 936 3993 sepsmle
953 3907 1162 3988 intraverint,
1177 3909 1247 3973 sine
1269 3910 1419 3996 psrcngio
1433 3909 1487 3976 vel

444 4003 509 4068 elio
529 4003 765 4090 impedimento
787 4007 897 4092 quiete
920 4009 1135 4076 excorientur.
1181 4008 1223 4072 In
1245 4010 1338 4095 cujus
1359 4011 1408 4087 rei
1421 4015 1487 4076 tes-

443 4103 629 4183 timonium,
659 4105 718 4170 uni
755 4107 844 4193 parti
872 4106 972 4193 hujus
1005 4109 1119 4194 scripti
1149 4109 1185 4174 in
1221 4111 1353 4176 modum
1384 4111 1486 4178 chiro-

442 4205 560 4290 graphi
581 4205 729 4285 confecti,
752 4228 850 4294 penes
872 4208 976 4275 dictos
996 4208 1152 4276 abbatem
1174 4215 1209 4277 et
1222 4218 1429 4294 conventum,
1450 4218 1486 4279 et
