3362 5720
453 859 539 922 1298
590 917 592 922 ,
629 865 828 917 nnsrsrsuu
850 857 1051 912 mnsrruuu
1073 847 1340 905 DUNELMuusra

299 1087 421 1137 anaia
450 1052 669 1142 pertinentiis,
690 1053 727 1116 in
764 1047 899 1114 ballivio
930 1040 1163 1115 Dunolmensi,
1203 1033 1302 1123 quod
1333 1031 1433 1096 situm
1461 1031 1600 1096 esitasse

449 1156 545 1235 inter,
574 1155 709 1220 domum
731 1173 806 1238 quas
828 1147 994 1236 quondam
1024 1143 1090 1208 fuit
1112 1139 1208 1206 Adae
1233 1137 1277 1202 de
1301 1131 1448 1208 Brocino,
1468 1151 1503 1192 ex

450 1279 519 1322 uua
540 1261 643 1344 parte,
667 1258 702 1320 et
724 1252 868 1332 domum,
891 1270 966 1335 quse
987 1245 1054 1310 fuit
1076 1233 1257 1330 quondam
1280 1232 1403 1320 Rogeri
1419 1231 1503 1316 Drys,

452 1381 494 1425 ex
516 1359 628 1437 altera,
651 1363 685 1423 ot
711 1354 869 1421 abbuttat
890 1371 988 1438 super
1009 1367 1150 1412 murum.
1203 1341 1341 1406 Damus
1364 1335 1505 1400 etiamst

343 1509 346 1518 ·
452 1461 658 1528 concedimus
686 1456 873 1524 licentiam·
887 1451 985 1519 dietis
1013 1447 1116 1535 priori
1139 1449 1179 1512 et
1213 1435 1409 1514 conventui,
1431 1432 1504 1519 quod

353 1573 354 1578 ’
453 1563 648 1650 praedictum
670 1559 898 1645 messuagium,
920 1552 1016 1620 modo
1038 1547 1247 1637 supradicto,
1264 1539 1397 1630 possint
1419 1536 1506 1600 libere

453 1666 602 1751 recipere,
629 1661 758 1749 ingredi
782 1664 817 1726 et
850 1663 971 1750 tenere,
996 1653 1130 1720 Statuto
1163 1649 1212 1715 dc
1236 1643 1342 1712 terris
1376 1645 1409 1705 et
1429 1643 1504 1705 tene·

454 1767 583 1847 montis,
614 1765 655 1830 ad
688 1783 824 1830 manum
857 1764 1022 1826 mortuam
1059 1775 1128 1820 non
1162 1742 1392 1816 deveniendis
1421 1742 1504 1819 edito,

455 1889 523 1935 non
544 1867 705 1934 obstante.
752 1865 794 1928 In
816 1861 911 1948 cujus
932 1860 981 1926 rei
1006 1854 1253 1930 testimonium,
1270 1845 1419 1935 sigillum
1440 1863 1503 1908 nos

455 1976 546 2037 trum
560 1968 778 2056 praesentibus
793 1970 844 2031 est
858 1983 1047 2050 appensum.
1094 1958 1228 2024 Datum
1245 1950 1341 2038 apud
1357 1944 1504 2018 Stokton’,

457 2088 506 2141 x0.
539 2073 593 2138 die
626 2069 747 2136 mensis
778 2067 911 2154 Aprilis,
942 2083 1030 2129 anno
1061 2058 1201 2126 Domini
1243 2063 1377 2120 ΝΟΜ.
1410 2051 1502 2114 sexte

459 2175 591 2255 decimo,
614 2178 649 2240 et
671 2167 922 2238 consecrationis
944 2170 1066 2232 nostrae
1089 2159 1220 2249 quinto.

294 2421 402 2468 (mg,
461 2403 597 2456 consano
610 2403 729 2456 ema„
807 2371 980 2442 Universis
996 2367 1122 2436 Christi
1143 2366 1317 2445 fidelibus,
1341 2358 1502 2448 praesentes

291 2472 393 2568 ἓξὲξ
460 2477 585 2588 ffiffum
612 2478 727 2586 ‘'iffi“
761 2477 874 2544 literas
911 2471 1118 2560 inspecturis,
1155 2467 1334 2546 Risndus,
1381 2456 1500 2547 permit·

292 2573 417 2684 turs,
461 2544 725 2655 afflant
758 2579 848 2646 sons
888 2577 1012 2654 uana,
1050 2570 1291 2640 Dunolmensis
1337 2562 1498 2651 epscopus

293 2669 636 2814 pggffipghdelfflghe.
759 2682 898 2747 salutem
929 2679 967 2743 in
998 2675 1147 2744 omnium
1170 2672 1360 2739 salvatore.
1420 2659 1499 2744 Opus

294 2773 437 2874 mli?
460 2788 652 2873 reputantes
689 2784 895 2851 meritorium
941 2779 1140 2869 pauperibus
1186 2773 1321 2864 puellis,
1357 2759 1500 2855 proximis

294 2872 418 2966 2⁰2?ss
461 2887 654 2973 parentibus
677 2885 856 2966 destitutis,
881 2889 921 2951 ut
937 2885 1040 2972 juxte
1063 2901 1196 2946 suorum
1219 2880 1376 2943 statuum
1397 2863 1499 2934 oend‘e·

305 2973 428 3066 ‘inseiis
462 2988 606 3054 centiam
643 2981 849 3070 maritentur,
898 2990 1082 3073 opportuno
1124 2978 1296 3066 adjutorio
1335 2963 1500 3039 subvenire

296 3071 417 3216 ᾗῇ
466 3089 616 3154 dedimus
630 3095 665 3154 et
688 3089 906 3156 concessimus
920 3086 1048 3153 dilectis
1063 3082 1228 3150 sororibus
1249 3074 1386 3151 nostris,
1401 3064 1500 3135 Alissiffi

297 3183 438 3274 muisis&
465 3191 507 3256 de
529 3190 716 3278 Herleseye,
741 3190 915 3278 Margsriae
945 3190 986 3254 do
1022 3186 1188 3255 Orothorn
1209 3189 1244 3250 et
1277 3173 1438 3248 Dionisiae
1466 3166 1500 3230 de

298 3273 439 3416 &litigi-'¹01
468 3291 679 3381 Billinghsm,
703 3293 886 3361 custodiam
908 3289 1057 3357 omnium
1090 3295 1254 3355 terrerum
1287 3287 1324 3350 et
1350 3283 1501 3344 tenemen-

299 3383 381 3470 solii¹
466 3401 577 3461 torum
608 3417 683 3481 quae
715 3395 851 3460 fuerunt
872 3392 1036 3459 Johsnnis
1059 3390 1099 3457 de
1133 3389 1166 3454 la
1189 3385 1327 3474 Leyghe
1358 3370 1497 3448 defuncti,

467 3497 556 3563 iufra
584 3495 772 3564 libertatem
804 3489 951 3562 nostram
973 3493 1240 3572 Dunolmensem,
1264 3493 1301 3554 et
1324 3479 1500 3550 comitatum

468 3599 510 3674 dc
540 3598 698 3682 Norbam,
721 3621 795 3686 quse
824 3599 868 3665 sd
902 3617 1018 3663 manus
1052 3599 1190 3671 nostras,
1221 3589 1352 3657 rationo
1381 3572 1501 3647 minuis

468 3701 577 3768 aeaa
591 3702 763 3784 rosanus,
782 3701 845 3766 fini
867 3705 902 3766 a
923 3697 1063 3766 haeredis
1092 3693 1244 3782 preses
1265 3683 1435 3759 ronanus,
1455 3677 1502 3740 ‹10-

468 3805 582 3883 functi,
607 3803 820 3884 devenerunt,
843 3823 911 3869 una
942 3822 1016 3866 cum
1047 3797 1222 3884 maritagio
1253 3785 1406 3884 praedicti
1426 3777 1497 3846 Joh-

468 3908 573 3984 annis,
590 3907 660 3972 sine
683 3905 953 3993 dispersgatione,
978 3910 1013 3970 et
1034 3924 1102 3970 una
1124 3921 1200 3970 cum
1222 3897 1354 3974 wardis,
1378 3879 1502 3956 releviis,

468 4009 603 4096 esceetis
627 4014 662 4075 et
687 4007 936 4086 reversionibus,
963 4005 1236 4093 quibuscunque;
1264 3993 1450 4065 habendum
1469 3987 1497 4050 el

469 4111 648 4178 tenendum
670 4111 768 4177 dictis
782 4111 907 4189 Alicise,
922 4108 1095 4196 Margeriae
1118 4113 1153 4173 et
1173 4103 1341 4182 Dionisice,
1357 4089 1499 4187 predicte

471 4219 576 4280 terras
599 4217 633 4280 et
647 4219 843 4292 tenemento,
859 4217 894 4279 et
907 4210 1129 4298 marilegium,
1144 4230 1182 4274 ec
1198 4203 1412 4272 dividendum
1425 4195 1499 4260 inies

473 4343 507 4386 se
529 4342 587 4407 per
609 4319 749 4405 aequeles
771 4319 947 4406 portiones,
962 4317 1005 4384 ad
1028 4315 1202 4402 maritagio
1216 4313 1359 4378 filiarum
1375 4318 1503 4374 suorum,

473 4443 577 4508 usque
602 4422 645 4486 ad
670 4420 853 4509 legitimam
877 4425 1010 4488 aetstem
1035 4417 1198 4484 Johannis
1221 4413 1376 4504 praedicti.
1420 4405 1460 4472 ut
1479 4395 1502 4462 εἰ

474 4525 562 4591 idem
585 4523 764 4605 Johannes,
786 4523 874 4590 infre
892 4521 1075 4611 legitimam
1098 4524 1231 4587 oetatem
1253 4517 1405 4594 existens,
1426 4504 1503 4573 viam

476 4629 582 4692 cernis
604 4626 770 4714 ingressus
792 4627 894 4693 fuerit
923 4625 1095 4707 universae,
1119 4624 1235 4689 domim
1257 4624 1292 4686 et
1315 4609 1502 4686 concedirssus

476 4729 657 4796 custodiam
684 4731 846 4798 dictormn
875 4735 1036 4796 terrarum
1059 4733 1094 4794 et
1115 4729 1377 4793 tenementorum
1399 4709 1504 4782 eisdem
