3468 5704
475 819 675 870 assrsrauu
698 818 897 869 ramnuou
919 817 1162 869 nuuruuausa.
1278 803 1342 870 703

123 1007 467 1076 sadracahumffleer
488 1009 708 1096 interpellans,
739 1013 901 1096 quatenus
925 1009 1049 1075 dietam
1071 1027 1177 1074 meam
1199 1005 1343 1093 resigna-
1372 1022 1494 1068 annea.

295 1112 423 1178 tionem
444 1111 618 1178 admittere
642 1112 834 1200 dignemini,
849 1110 977 1177 intuitu
1001 1110 1157 1176 caritatis.
1202 1110 1249 1174 Et
1264 1110 1343 1196 quia

295 1236 407 1281 meum
429 1213 574 1301 sigillum
596 1213 747 1300 pluribus
772 1218 824 1280 est
846 1213 1010 1300 ignotum,
1026 1212 1172 1298 sigillum
1194 1212 1343 1299 magistri

295 1317 379 1383 Adae
402 1316 443 1381 de
465 1315 639 1402 Morpath’,
663 1315 810 1381 officialis
844 1313 970 1381 domini
999 1313 1221 1380 archidiaconi
1251 1313 1345 1378 Dun-

295 1418 456 1497 olmensis,
487 1439 552 1504 quo
576 1417 706 1504 publice
738 1417 875 1502 [utitur]
907 1415 943 1480 in
966 1415 1078 1494 officio,
1101 1437 1170 1482 una
1199 1437 1273 1481 cum
1301 1415 1345 1481 si·

294 1519 372 1606 gillo
387 1541 471 1602 meo,
488 1520 610 1607 apponi
625 1519 800 1606 procuravi
822 1517 1051 1606 praesentibus,
1065 1518 1102 1582 in
1117 1516 1343 1585 testimonium

296 1623 546 1710 praemissorum.
594 1620 712 1687 Valeat
734 1617 847 1688 vestra
877 1619 1057 1686 reverenda
1086 1618 1276 1706 paternitas,
1306 1622 1343 1684 in

296 1724 452 1810 praesenti
470 1745 544 1789 cum
566 1723 683 1810 gratia,
699 1727 735 1788 et
754 1722 861 1810 gloria
882 1721 915 1786 in
939 1721 1057 1787 futuro.
1105 1721 1231 1789 Datum
1255 1723 1343 1808 apud

297 1827 431 1892 Novum
455 1825 610 1892 Castrum
640 1847 738 1912 super
760 1825 911 1912 Tynam,
941 1823 1116 1890 undecimo
1144 1824 1209 1892 kal.
1236 1824 1342 1904 Junii,

296 1949 382 1994 anno
406 1929 541 1994 Domini
563 1927 740 1993 millesimo
760 1924 834 1995 ccc⁰.
859 1926 1111 2014 quintodecimo

538 2140 731 2208 Venerabili
747 2140 785 2205 in
799 2139 930 2206 Christo
950 2141 1039 2225 patri
1065 2145 1100 2206 et
1122 2139 1255 2206 domino
1279 2161 1347 2218 suo,
1383 2166 1474 2212 rrae.

296 2209 463 2326 {ffiffi
496 2243 630 2309 domino
667 2241 817 2320 Ricardo,
861 2241 925 2306 Dei
968 2240 1086 2328 gratia,
1128 2228 1490 2340 Dunolmensimfi,

299 2345 330 2391 ‘¹0
340 2341 447 2398 Fertor.
498 2345 656 2431 episcopo,
671 2344 724 2409 sui
745 2343 885 2408 humiles
901 2348 935 2409 et
957 2344 1071 2408 devoti
1086 2343 1172 2411 filii.
1195 2395 1204 2413 .
1226 2395 1244 2422 .‚
1258 2345 1347 2430 prior
1360 2332 1496 2428 ῗξῆζξῖξζῐ

301 2452 335 2510 et
357 2452 538 2512 conventus
571 2448 612 2512 de
635 2445 864 2524 Brinkebmn',
887 2445 1035 2525 salutem,
1067 2446 1289 2512 obedientiam
1313 2451 1347 2512 et
1359 2430 1513 2524 lffiffi,

286 2549 526 2626 reverentiam,
541 2553 637 2614 tanto
652 2549 739 2635 patri
755 2547 893 2626 debitas,
916 2569 990 2614 cum
1012 2548 1144 2614 honore.
1188 2549 1243 2614 Ad
1258 2550 1347 2615 vica·
1359 2531 1503 2575 ⁶⁹D⁰¹‘⁰“¹·

299 2651 382 2714 riam
404 2651 445 2715 de
465 2650 592 2715 Felton’
617 2672 676 2736 per
700 2649 956 2737 resignationem
980 2650 1094 2715 fratris
1116 2649 1280 2716 Johannis
1306 2651 1345 2716 de

299 2753 455 2832 Doxford,
472 2753 638 2838 quondam
660 2752 776 2818 vicarii
791 2751 944 2837 ejusdem,
957 2751 1027 2838 jam
1051 2757 1233 2834 vacantem,
1250 2761 1285 2819 et
1300 2753 1342 2818 ad

299 2859 445 2918 nostram
471 2855 761 2941 praesentationem
778 2859 991 2940 spectantem,
1015 2855 1173 2921 dilectum
1195 2855 1292 2922 nobis
1306 2855 1342 2920 in

302 2955 432 3022 Christo
455 2955 590 3022 fratrem
612 2955 818 3022 Willelmum
849 2956 890 3021 de
913 2956 1063 3044 Bewyk',
1087 2959 1343 3026 concanonicum

301 3062 462 3138 nostrum,
476 3063 597 3124 vestrae
611 3058 808 3146 paternitati
823 3059 1012 3125 reverendae
1027 3053 1265 3146 praesentamus
1287 3081 1346 3147 per

299 3165 496 3246 praesentes;
519 3163 663 3226 vestram
678 3159 769 3246 piam
778 3160 825 3224 in
840 3160 972 3226 Christo
987 3163 1223 3248 paternitatem
1239 3163 1347 3228 humi-

298 3263 376 3328 liter
405 3264 627 3350 deprecantes,
651 3265 816 3349 quatenus
838 3262 948 3348 ipsum
970 3263 1013 3328 ad
1044 3263 1167 3330 dictam
1189 3264 1346 3330 vicariam

300 3366 476 3431 admittere
499 3371 532 3430 et
553 3365 692 3432 ulterius
718 3364 808 3450 quod
838 3369 987 3430 vestrum
1017 3368 1068 3430 est
1093 3365 1131 3429 in
1161 3365 1223 3431 hae
1252 3373 1346 3453 parte

300 3469 426 3555 exequi,
443 3468 633 3554 dignemini,
650 3489 725 3533 oum
740 3466 860 3532 favore.
906 3466 1024 3530 Valeat
1039 3472 1150 3531 vestra
1165 3467 1201 3531 in
1216 3467 1348 3534 Christo

299 3571 482 3660 paternitas
505 3570 694 3648 reverenda,
734 3568 872 3635 feliciter
903 3570 936 3633 e't
966 3567 1004 3632 in
1027 3590 1143 3634 sevum.
1190 3569 1234 3634 In
1256 3571 1349 3657 eujus

300 3677 349 3740 rei
370 3673 608 3753 testimonium,
632 3671 776 3758 sigillum
792 3692 963 3737 commune
986 3671 1123 3757 capituli
1145 3672 1251 3738 nostri
1265 3695 1348 3760 prae-

301 3777 451 3843 sentibus
480 3781 531 3842 est
561 3796 751 3862 appensum.
798 3774 924 3840 Datum
946 3775 1035 3863 apud
1073 3773 1237 3864 [Novum]
1269 3776 1348 3842 Oas-

301 3885 391 3944 trum
425 3899 521 3964 super
556 3877 693 3964 Tynam,
728 3897 814 3942 nono
846 3875 912 3942 kal.
955 3876 1060 3955 Junii,
1095 3899 1182 3944 anno
1213 3878 1350 3943 Domini

302 3979 474 4046 millesimo
497 3980 726 4046 trecentesimo
749 3978 1004 4066 quintodecimo.

302 4227 535 4278 mmmm„
612 4194 781 4270 Ricardus,
814 4191 1025 4279 permissione
1063 4193 1187 4270 divina,
1223 4195 1498 4304 Dunol-gpawttfflon

302 4295 443 4345 uernam.
569 4295 689 4360 mensis
712 4296 887 4383 episcopus,
911 4295 1031 4360 dilecto
1053 4293 1130 4375 filio,
1152 4294 1246 4360 fratri
1268 4271 1495 4405 Wss'itfffflll

302 4396 400 4462 lelmo
432 4397 473 4462 de
507 4393 654 4482 Bewyk’,
678 4395 833 4461 canonico
855 4396 896 4461 de
919 4395 1172 4474 Brinkebourn’‚
1202 4369 1473 4506 salutem›lt⁰1t}†,⁸,⁰n

301 4501 444 4587 gratiam
479 4503 513 4564 et
543 4497 818 4564 benedictionem.
866 4499 916 4563 De
938 4499 1008 4564 tuis
1039 4499 1185 4584 mpribus
1209 4507 1243 4567 et
1274 4525 1348 4569 oon·
1360 4510 1414 4604 {3231
1422 4511 1453 4564 br
1462 4517 1503 4608 top

301 4601 491 4685 ditionibus,
514 4623 575 4688 per
596 4600 762 4666 laudabile
786 4601 1020 4684 testimonium,
1043 4603 1259 4697 sufficientem
1281 4565 1494 4706 cerugfflde

301 4705 480 4772 titudinem
503 4705 699 4784 obtinentes,
723 4704 766 4770 ad
797 4703 952 4772 vicariam
976 4705 1118 4774 ecclesiae
1141 4709 1181 4774 de
1211 4708 1348 4790 Felton'‚
