3524 5716
469 842 670 894 nnomraun
692 843 894 896 rnnnrnruu
916 845 1157 900 nonnunnnsa
1256 837 1338 900 1221

123 1051 252 1105 merua
261 1056 281 1098 a.
291 1027 402 1107 tanda,
418 1051 485 1096 suae
500 1051 567 1095 non
582 1029 748 1095 sufficiunt
761 1029 945 1108 facultates,
959 1033 1079 1098 mentis
1097 1041 1216 1100 nostrae
1230 1037 1341 1102 oculos
1369 1051 1425 1098 nn.
1434 1055 1492 1100 rara.

291 1130 479 1216 dirigentes,
502 1131 618 1197 habita
639 1152 736 1216 super
759 1130 832 1209 hiis,
855 1137 889 1196 et
914 1135 1065 1200 omnibus
1087 1136 1341 1202 circumstantiis

289 1232 323 1296 in
346 1232 408 1298 hoc
430 1254 507 1298 casu
529 1234 724 1313 necessariis,
747 1234 800 1298 vel
823 1235 923 1299 etiam
939 1238 1140 1322 opportunis,
1164 1261 1238 1304 cum
1254 1233 1342 1326 capi-

290 1333 362 1399 tulo
399 1333 631 1400 Dunolmensis
668 1333 810 1401 ecclesiae
853 1335 1088 1404 deliberatione
1126 1345 1159 1405 et
1196 1345 1341 1407 tractatu

291 1437 435 1514 solemni,
459 1441 493 1502 et
516 1438 616 1502 etiam
647 1437 869 1525 diligentiae
899 1439 1168 1528 concurrentibus
1190 1443 1341 1507 omnibus

290 1558 364 1623 quae
397 1537 433 1603 in
454 1537 578 1604 talibus
600 1538 641 1604 de
667 1538 743 1623 jure
766 1539 1011 1624 quomodolibet
1044 1543 1266 1626 requiruntur,
1290 1544 1340 1606 in-

283 1634 405 1702 ¹vocato
429 1640 491 1703 Dei
516 1641 658 1720 nomine,
685 1640 728 1705 ad
755 1640 1019 1706 exonerationem
1049 1643 1194 1728 ipsorum
1224 1644 1341 1730 prioris

289 1744 326 1804 et
346 1746 536 1820 conventus,
552 1749 585 1807 et
608 1742 799 1807 monasterii
817 1742 877 1820 sui,
893 1745 1090 1808 auctoritate
1112 1745 1207 1809 nobis
1229 1745 1265 1808 in
1279 1746 1342 1812 bac

290 1847 384 1928 parte
407 1844 585 1922 commissa,
599 1845 785 1921 statuimus,
809 1842 1011 1908 decernimus
1034 1851 1068 1909 et
1091 1847 1288 1924 ordinamus,
1307 1851 1341 1912 ct

291 1944 391 2009 etiam
414 1943 600 2023 diffinimus,
624 1946 712 2031 quod
743 1945 865 2009 vicaria
893 1944 997 2031 ipsius
1028 1945 1170 2012 ecclesiae
1194 1947 1235 2011 de
1259 1947 1342 2027 Qui-

291 2045 441 2131 tingham
475 2068 533 2131 per
565 2067 669 2110 unum
707 2047 899 2110 canonicum
936 2046 1117 2132 regularem
1150 2048 1340 2113 monasterii

292 2147 506 2215 Karliolensis
536 2131 702 2235 perpetuis
733 2148 935 2233 temporibus
966 2148 1086 2214 futuris
1117 2156 1258 2236 regatur,
1282 2151 1340 2236 qui

291 2250 334 2313 ad
360 2251 497 2314 eandem
519 2251 686 2329 vicariam,
702 2250 983 2336 quotienscunque
998 2250 1104 2336 ipsam
1126 2273 1243 2317 vacare
1266 2274 1340 2318 con-

290 2352 412 2437 tigerit,
442 2352 580 2436 praefato
611 2352 744 2417 domino
776 2351 991 2417 Duuolmcnsi
1022 2352 1179 2438 episcopo,
1204 2359 1238 2419 et
1269 2355 1339 2439 ejus

289 2454 534 2534 successoribus,
572 2474 630 2540 per
674 2452 847 2540 praedictos
891 2455 1032 2540 priorem
1069 2460 1104 2518 et
1141 2460 1340 2520 conventum

290 2557 443 2622 canonice
466 2560 694 2642 praesentetur,
718 2560 752 2620 et
781 2576 841 2641 per
854 2554 1029 2640 praefatum
1053 2561 1189 2641 patrem,
1213 2563 1247 2622 et
1268 2579 1340 2622 suc-

290 2679 431 2723 cessores
453 2678 529 2723 suos
553 2658 694 2722 vicarius
725 2661 902 2743 perpetuus
931 2655 1130 2721 instituatur
1159 2659 1193 2721 in
1218 2659 1340 2737 eadem,

289 2765 324 2824 et
346 2760 450 2825 abeis
473 2782 583 2825 curam
598 2758 735 2845 recipiat
757 2758 941 2821 animarum
954 2747 967 2838 ;¹
986 2759 1043 2842 qui
1065 2759 1189 2824 vicaria
1212 2760 1291 2845 ipsa,
1307 2765 1341 2824 et

208 2853 211 2860 ’
290 2861 440 2948 portione
474 2862 580 2925 eidem
617 2859 750 2926 vicariae
788 2858 961 2946 assignata,
994 2858 1157 2936 videlicet,
1179 2861 1340 2947 altaragio

288 2968 370 3042 toto,
395 2967 430 3028 et
461 2963 637 3028 medietate
670 2967 766 3026 terrae
799 2965 832 3025 et
864 2961 959 3045 prati,
982 2981 1020 3025 ac
1053 2960 1229 3026 medietate
1259 2962 1341 3027 foeni

290 3065 464 3141 decimalis,
479 3065 522 3130 ad
538 3064 659 3129 dictam
676 3063 841 3128 ecclesiam
858 3061 1104 3148 pertinentium,
1121 3063 1207 3147 (quse
1231 3065 1342 3130 omnia
1395 3115 1401 3127 .
1473 3118 1479 3129 .

291 3167 397 3233 eidem
419 3166 558 3245 vicariae,
582 3171 617 3231 et
638 3165 760 3231 vicario
783 3163 842 3249 qui
864 3185 922 3248 pro
946 3169 1092 3248 ternpore
1114 3163 1224 3242 fuerit,
1239 3167 1341 3252 assig-

291 3291 408 3335 namus
431 3291 489 3354 pro
512 3268 662 3354 portione
685 3267 767 3350 sua),
784 3270 941 3350 perpetuo
964 3265 1009 3328 sit
1031 3270 1215 3346 contentus,
1239 3289 1277 3332 ac
1300 3268 1341 3333 de

292 3371 429 3458 singulis
453 3371 612 3446 omnibus,
638 3375 707 3434 tarn
730 3367 905 3432 ordinariis
930 3385 1033 3450 quam
1058 3367 1339 3447 extraordinariis,

292 3474 396 3537 eidem
426 3472 560 3536 vicariae'
592 3467 869 3546 incumbentibus,
892 3466 1095 3551 respondeat,
1120 3467 1205 3532 sicut
1228 3467 1341 3548 decet;
1412 3537 1415 3544 ,

293 3581 327 3640 et
341 3574 556 3661 personaliter
577 3571 720 3636 resideat
739 3571 777 3634 in
799 3569 922 3647 eadem,
947 3567 1134 3652 sociumque
1146 3571 1341 3634 concanoni-

292 3699 367 3742 cum
390 3697 498 3741 secum
520 3674 648 3752 babeat,
672 3694 731 3758 pro
758 3671 922 3736 dictorum
953 3669 1071 3754 prioris
1103 3675 1137 3734 et
1159 3677 1341 3737 conventus

291 3779 389 3843 libito
420 3778 484 3842 sibi
516 3774 759 3860 assignandum,
791 3778 825 3836 et
857 3771 1043 3857 sumptibus
1077 3771 1179 3856 ipsius
1216 3772 1340 3850 vicarii,

288 3881 350 3966 qui
373 3902 432 3966 pro
454 3885 600 3962 tempore
623 3875 734 3954 fuerit,
757 3874 916 3950 decenter,
932 3878 971 3936 ut
994 3873 1158 3949 convenit,
1182 3873 1341 3938 exhiben-

292 3983 382 4046 dum.
444 3980 630 4046 Statuimus
661 3978 804 4062 insuper,
838 3974 1051 4050 decernimus,
1084 3973 1273 4038 ordinamus
1307 3979 1342 4040 et

294 4085 481 4160 diffinimus,
505 4081 594 4167 quod
632 4080 667 4142 in
701 4078 1032 4164 recompensationem
1066 4076 1210 4140 laesionis
1243 4098 1341 4162 quam

229 4203 235 4214 ¹
293 4186 427 4251 ecclesia
442 4181 683 4260 Duuolmcnsis‚
700 4178 865 4243 occasione
881 4176 1156 4262 appropriationis
1176 4181 1211 4240 et
1234 4177 1343 4241 indul·

292 4288 414 4374 gentius
451 4281 649 4369 hujusmodi,
673 4280 807 4366 patitur,
840 4283 874 4343 et
905 4284 956 4342 est
986 4277 1106 4342 futuris
1138 4278 1341 4363 temporibus

293 4411 433 4476 passura,
458 4386 537 4450 dicti
561 4385 650 4470 prior
678 4388 713 4447 ot
742 4385 922 4445 conventus
952 4380 992 4443 de
1024 4378 1185 4443 fructibus
1211 4384 1246 4444 et
1267 4400 1342 4466 pro·

293 4492 449 4557 ventibus
480 4487 688 4554 ecclesiarum
711 4504 853 4558 suarum,
887 4482 923 4544 in
957 4481 1088 4544 dioecesi
1122 4480 1337 4546 Dunolmeusi

293 4592 516 4666 existentium,
535 4590 622 4652 dicto
638 4585 770 4650 domino
785 4584 935 4660 Ricard0,
951 4582 1165 4646 Dunolruensi
1182 4582 1338 4670 episcopo,

293 4702 327 4760 et
360 4692 596 4760 successoribus
628 4689 704 4767 suis,
738 4687 781 4751 ad
813 4685 1007 4751 scaccarium
1032 4683 1262 4764 Duuolmcnse,
1297 4686 1340 4750 ud
