3468 5704
394 810 459 874 690
485 892 491 902 Ι
577 821 773 873 assrsrauu
796 819 998 872 rsusrmmr
1021 819 1262 872 nuunnunrsn
1288 836 1292 844 ·

242 1029 302 1074 nn.
310 1032 369 1074 1³14.
392 1030 517 1091 namus,
534 1010 679 1087 facimus,
703 1014 737 1075 et
760 1008 990 1075 constituimus
1016 1013 1260 1094 procuratorem
1283 1011 1442 1088 nostrum,
1455 1027 1622 1082 sarpam.

394 1114 427 1176 et
458 1113 616 1178 nuncium
650 1111 830 1198 specialem,
855 1110 898 1175 ad
930 1110 1163 1196 requirendum
1187 1117 1221 1176 et
1242 1109 1444 1176 movendum

394 1235 506 1280 omnes
538 1219 573 1280 et
594 1214 737 1300 singulos
764 1233 902 1304 quorum
925 1213 1116 1278 testimonia
1145 1211 1241 1278 nobis
1264 1212 1445 1280 necessaria

396 1337 464 1382 esse
486 1315 624 1398 noverit,
648 1320 683 1380 et
716 1317 909 1402 opportuna,
932 1313 968 1377 in
1000 1334 1099 1380 causa
1130 1335 1188 1379 seu
1220 1315 1355 1401 negotio
1379 1314 1444 1379 tui·

394 1418 488 1495 torio,
502 1439 576 1503 quae
598 1417 652 1484 vel
675 1417 763 1502 quod
785 1417 871 1482 inter
885 1437 954 1494 nos,
971 1437 1014 1481 ex
1037 1421 1132 1502 parte
1147 1437 1222 1497 una,
1239 1420 1275 1481 et
1289 1415 1443 1482 abbatem

396 1523 431 1585 et
453 1525 651 1584 conventu'm
674 1520 715 1584 de
738 1518 860 1584 Sancto
883 1518 1023 1598 Albane,
1045 1517 1214 1584 occasione
1236 1518 1380 1584 ecciesiae
1403 1517 1444 1582 de

396 1621 581 1708 Oonysclyf,
605 1627 726 1687 nostrae
758 1621 917 1699 dioecesis,
939 1626 973 1686 et
995 1620 1195 1707 possessione
1219 1619 1367 1706 ejusdem
1393 1641 1444 1686 ec-

394 1723 500 1792 clesiae
522 1725 559 1787 in
591 1724 682 1788 curia
704 1721 902 1788 Eboracensi
925 1727 1085 1804 movetur,
1109 1743 1152 1788 ex
1182 1723 1296 1800 altera,
1317 1744 1445 1790 necnon

397 1826 440 1889 ad
462 1825 664 1890 offerendum
686 1829 720 1890 et
742 1823 947 1906 tradendum,
964 1847 1022 1889 seu
1037 1823 1240 1905 solvendum,
1264 1825 1387 1890 eisdem
1410 1831 1449 1894 et

395 1947 507 1992 eorum
529 1925 665 1991 cuilibet
687 1930 837 2012 sumptus
859 1933 894 1992 at
917 1947 1076 2013 expensas
1098 1926 1136 1990 in
1159 1926 1263 1992 fornia
1289 1927 1386 2012 juris,
1409 1933 1444 1993 et

395 2028 438 2093 ad
461 2027 646 2094 faciendum
668 2028 806 2093 ulterius
822 2028 865 2092 ‘in
887 2029 1070 2114 praemissis,
1095 2033 1129 2094 et
1159 2028 1245 2094 circa
1266 2031 1442 2116 praemissa,

395 2130 505 2196 omnia
527 2135 561 2196 et
591 2129 720 2217 singula
742 2151 817 2216 quae
837 2129 1020 2196 necessaria
1041 2129 1078 2195 in
1108 2131 1231 2196 eisdem
1253 2131 1385 2212 fuerint,
1411 2137 1445 2196 et

395 2239 587 2319 opportuna,
626 2232 757 2297 etiamsi
798 2232 992 2297 mandatum
1027 2231 1163 2318 exigant
1198 2232 1351 2318 specialea
1392 2255 1443 2298 ra·

395 2341 468 2400 tum
484 2339 518 2401 et
540 2339 671 2422 gratum
693 2333 840 2399 habituri
856 2333 1012 2419 quioquid
1029 2334 1116 2400 idem
1132 2335 1289 2421 magister
1303 2335 1442 2400 Thomas

395 2438 616 2523 procuratorio
639 2437 771 2502 nomine
802 2435 935 2500 duxerit
968 2435 1155 2501 faciendum
1187 2437 1224 2500 in
1258 2439 1441 2524 praemissis,

396 2560 465 2603 rem
488 2545 595 2603 ratam
627 2537 742 2603 haberi
776 2543 810 2603 et
836 2538 1024 2623 judicatum
1057 2538 1149 2616 solvi,
1173 2539 1235 2603 sub
1257 2539 1443 2626 hypotheca

395 2661 505 2704 rerum
527 2646 722 2721 nostrarum,
739 2661 798 2726 pro
821 2642 934 2705 eodem
957 2645 1158 2726 exponentes
1176 2641 1350 2710 cautiones.
1401 2642 1442 2705 In

396 2744 488 2828 cujus
518 2743 565 2807 rei
595 2743 834 2824 testimonium,
867 2742 1011 2830 sigillum
1042 2746 1192 2807 nostrum
1225 2745 1443 2830 praesentibus

396 2850 447 2909 est
477 2866 664 2930 appensum.
721 2845 845 2910 Datum
875 2845 964 2930 apud
995 2845 1140 2927 Richalo,
1162 2843 1211 2931 ij0.
1235 2847 1290 2912 dia
1319 2847 1442 2926 Martii,

393 3053 514 3114 nostrae
537 3055 661 3134 quarto.

226 3279 359 3325 meandi.
421 3315 426 3328 ,
525 3319 530 3331 ,
559 3319 564 3330 ,
623 3319 628 3330 ,
739 3255 908 3337 Ricardus,
931 3259 990 3321 etc.
1026 3257 1146 3322 dilecto
1177 3257 1255 3338 filio,
1283 3257 1440 3344 magistro

226 3331 365 3426 ww
396 3315 488 3368 mterae
506 3320 659 3372 ‘mm'
694 3356 743 3421 W.
777 3358 818 3422 de
852 3357 1026 3444 Langeley,
1060 3357 1174 3424 clerico
1205 3364 1328 3451 nostrae
1360 3361 1442 3426 dioe·

227 3431 298 3483 Μ·
394 3451 481 3533 cesis,
505 3454 653 3537 satutem,
682 3459 822 3544 gratiam
849 3464 884 3524 et
915 3459 1186 3526 benedictionem.
1248 3463 1443 3528 Deuotionis

395 3558 463 3620 tuae
484 3557 635 3641 precibus
657 3559 816 3639 inclinati,
838 3565 879 3626 ut
901 3585 921 3627 a
942 3584 1136 3649 quocunque
1158 3565 1309 3651 episcopo
1329 3565 1441 3632 catho-

394 3653 456 3720 lico
488 3658 574 3722 sedis
596 3662 781 3744 apostolieae
807 3664 949 3750 gratiam
971 3665 1150 3748 obtinente,
1175 3666 1303 3753 tibique
1327 3689 1442 3732 manus

396 3775 501 3821 sacras
523 3759 691 3844 imponere
714 3765 852 3844 volente,
876 3768 919 3832 ad
941 3767 1091 3850 minores,
1109 3789 1191 3854 quos
1212 3769 1361 3834 nondum
1391 3793 1441 3835 re-

394 3858 520 3945 cepisti,
544 3866 578 3926 et
600 3884 711 3930 omnes
734 3867 873 3952 majores
896 3869 1026 3936 ordines
1052 3869 1154 3936 libere
1176 3871 1287 3936 valeas
1310 3893 1441 3958 promo-

392 3962 471 4043 veri,
496 3985 534 4029 eo
552 3987 620 4030 non
642 3966 800 4048 obstante,
816 3971 905 4055 quod
929 3973 969 4037 de
992 3977 1104 4038 nostra
1127 3972 1259 4038 dioecesi
1284 3973 1442 4039 oriundus

394 4066 539 4146 existas3
570 4069 650 4133 dum
673 4073 785 4136 tamen
815 4072 1030 4140 sufficientem
1057 4075 1195 4141 titulum
1219 4075 1382 4153 exhibeas,
1406 4079 1441 4140 et

376 4167 484 4234 aliud
517 4171 709 4248 canonicum
742 4195 809 4239 non
842 4175 991 4254 obsistat,
1023 4177 1053 4242 ei
1084 4177 1276 4263 hujusmodi
1308 4177 1437 4243 ordines

393 4270 589 4356 conferendi,
605 4279 640 4339 et
654 4273 718 4340 tibi
733 4276 911 4362 recipiendi
926 4279 1072 4362 liberam,
1088 4283 1202 4346 tenore
1217 4280 1440 4366 praesentium,

394 4375 601 4441 concedimus
634 4377 834 4444 facultatem.
889 4381 931 4444 In
963 4381 1055 4467 cujus
1088 4385 1147 4449 etc.
1203 4382 1330 4448 Datum
1353 4383 1441 4468 apud

394 4471 549 4558 Rychalc,
571 4476 645 4563 vij⁰.
677 4481 731 4545 die
754 4481 878 4561 Martii,
902 4504 989 4548 anno
1020 4484 1155 4550 Domini
1186 4489 1249 4551 etc.
1284 4481 1439 4569 [mccc]

391 4571 499 4660 xiiij⁰.,
523 4582 557 4642 et
579 4583 831 4651 consecrationis
853 4590 975 4654 nostras
998 4594 1126 4675 quarto.
