3566 5712
504 830 705 882 aaarsrsusr
727 829 927 880 amarorum
948 828 1189 882 ouranumsa
1306 814 1373 878 843
1477 895 1482 904 Ι

156 1029 284 1086 carana
292 1035 313 1078 1·
325 1041 384 1108 per
413 1023 619 1090 attornatum
643 1045 748 1105 suum,
771 1023 886 1103 venit;
916 1026 951 1087 ιι
985 1043 1083 1109 super
1111 1021 1180 1100 hoc,
1210 1022 1373 1086 venerunt
1400 1022 1458 1072 3⁴1>-
1467 1026 1526 1070 1³1²·

325 1122 443 1190 ballivi
476 1125 643 1213 praedictae
674 1125 839 1192 libertatis
870 1125 1014 1211 episcopi
1046 1124 1279 1190 Dunolmensis
1312 1125 1371 1188 etc.

325 1225 373 1291 Et
387 1225 512 1310 dicunt,
528 1229 614 1316 quod
628 1229 806 1317 praedictus
820 1227 990 1315 episcopus
1012 1226 1114 1293 habet
1127 1227 1228 1294 talem
1250 1224 1373 1312 regiam

324 1326 514 1396 libertatem
543 1332 580 1395 in
603 1332 792 1418 episcopatu
815 1353 875 1399 suo
897 1333 1065 1420 praedicte,
1087 1331 1176 1396 infra
1206 1351 1309 1415 aquas
1332 1329 1373 1394 de

326 1429 432 1518 Teyse
466 1437 501 1498 et
531 1433 634 1520 Tyne,
668 1434 755 1518 quod
788 1435 917 1506 nullum
950 1435 1051 1500 breve
1085 1435 1211 1521 regium
1249 1433 1374 1498 ibidem

326 1533 429 1599 currit
457 1540 526 1612 etc,
562 1535 628 1600 nisi
661 1539 793 1601 tantum
826 1536 927 1603 breve
960 1538 1064 1624 ipsius
1092 1535 1243 1622 episcopi,
1266 1555 1374 1600 coram

322 1635 518 1722 justiciariis
541 1638 643 1724 ipsius
666 1639 818 1727 episcopi,
839 1639 926 1705 infra
948 1639 1135 1704 libertatem
1166 1657 1259 1703 suam
1290 1657 1373 1723 pras-

324 1737 446 1804 dictam
467 1737 747 1827 placitatam,qua
764 1741 898 1827 quidem
920 1740 1074 1806 libertate
1092 1740 1181 1805 idem
1205 1739 1372 1824 episcopua

326 1843 361 1904 et
388 1840 641 1926 praedecessores
674 1843 728 1908 sui
757 1843 917 1909 hactenus
945 1843 998 1908 usi
1028 1845 1116 1920 sunt,
1139 1845 1175 1906 et
1197 1841 1313 1928 gavisi,
1335 1844 1375 1904 ut

326 1941 367 2005 de
394 1941 470 2027 jure
502 1941 645 2010 ecclesias
679 1945 794 2012 Sancti
828 1945 1005 2034 Outhberti
1038 1944 1282 2023 Dunolmensis,
1313 1947 1374 2010 etc.

328 2041 374 2107 Et
396 2042 521 2122 dicunt,
544 2047 633 2133 quod
663 2047 822 2134 praedicta
853 2046 994 2127 ecclesia,
1018 2047 1061 2112 ad
1092 2045 1185 2132 cujus
1215 2044 1373 2111 vicariam

325 2153 393 2230 etc,
410 2153 461 2214 est
483 2147 571 2214 inira
592 2147 781 2216 libertatem
805 2171 898 2214 suam
920 2154 981 2217 stc.
1027 2148 1127 2216 Unde
1145 2147 1270 2227 dicunt,
1285 2147 1374 2232 quod

327 2273 395 2318 non
418 2251 600 2318 intendunt
623 2252 710 2338 quod
734 2251 886 2318 dominus
909 2271 970 2317 rex
989 2251 1080 2333 velit,
1105 2250 1194 2336 quod
1215 2249 1374 2336 placitum

327 2354 407 2420 inde
429 2352 465 2418 in
481 2353 572 2419 curia
589 2354 644 2422 hic
659 2354 849 2431 deducatur,
863 2353 900 2418 in
914 2353 1081 2420 laesionem
1096 2357 1131 2420 et
1145 2350 1372 2439 praejudicium

324 2455 489 2522 libertatis
519 2477 588 2522 suas
611 2455 785 2543 praedictae.
831 2455 877 2520 Et
899 2455 1076 2543 praedictus
1099 2453 1291 2534 Willelmus,
1315 2453 1373 2540 qui

327 2558 477 2645 sequitur
499 2563 567 2637 etc,
598 2558 688 2635 dicit,
710 2558 799 2644 quod
829 2558 1042 2646 praesentatio
1065 2557 1193 2623 domini
1218 2557 1313 2644 regis,
1336 2555 1372 2619 in

325 2661 386 2727 hac
408 2667 510 2748 parte,
531 2682 590 2747 per
612 2660 757 2746 aliquam
779 2659 967 2726 libertatem
990 2659 1162 2748 prorogari
1184 2680 1252 2725 non
1274 2657 1373 2724 debet

323 2770 383 2831 etc.
429 2765 519 2840 Dicit
543 2764 675 2841 etenim,
699 2765 788 2848 quod
821 2763 974 2830 dominus
1008 2785 1076 2847 rex,
1099 2764 1229 2829 ratione
1251 2783 1372 2847 praero-

323 2866 449 2953 gativae
471 2869 506 2931 et
523 2865 765 2952 jurisdictionis
786 2887 863 2946 suae,
885 2889 906 2930 a
936 2886 1002 2952 qua
1032 2887 1151 2931 corona
1181 2865 1371 2951 hujusmodi

325 2967 491 3034 libertatis
513 2968 619 3054 primo
642 2968 819 3054 sumpserit
842 2968 1012 3055 originem,
1035 2973 1069 3034 et
1091 2968 1169 3032 inde
1185 2965 1372 3053 dependent

190 3099 192 3102 ’
322 3077 382 3137 ιιι.
416 3069 591 3136 attachiari
624 3091 692 3135 non
714 3070 813 3135 debet
834 3070 877 3135 ad
903 3070 1128 3157 placitandum
1158 3069 1247 3148 alibi,
1272 3091 1371 3154 quam

320 3173 463 3239 incuria
484 3194 551 3252 sua,
574 3195 681 3240 eoram
705 3174 819 3260 seipso,
841 3172 896 3238 vel
914 3172 1108 3258 justiciariis
1130 3172 1198 3237 suis
1221 3178 1280 3238 etc.
1326 3173 1397 3236 Et·

322 3277 410 3361 petit
439 3277 612 3362 judicium,
644 3275 673 3341 si
706 3276 882 3362 praedictus
915 3275 1176 3361 archiepiscopus
1210 3275 1247 3339 in
1280 3275 1372 3339 curia

321 3377 375 3443 hic
389 3379 481 3476 ¹inde
504 3379 637 3443 domino
660 3379 730 3464 regi
752 3398 820 3442 non
843 3377 962 3443 debeat
984 3377 1189 3463 respondere,
1211 3381 1270 3442 etc.
1317 3377 1370 3454 Et,

321 3480 412 3545 salva
428 3481 533 3545 cidem
549 3481 698 3567 episcopo
713 3479 930 3544 Dunolmensi
944 3479 1110 3544 calumnia
1124 3477 1289 3543 libertatis
1304 3499 1372 3544 suaa

319 3583 486 3669 praedicas
518 3588 587 3660 etc,
611 3582 736 3647 dictum
758 3586 809 3646 cst
831 3580 1072 3666 archiepiscopo
1094 3579 1260 3665 praedicte,
1283 3580 1372 3665 quod

321 3685 518 3771 respondeat
539 3689 599 3750 etc.
645 3682 691 3747 Et
705 3683 882 3769 praedictus
898 3683 1067 3770 episcopus
1089 3682 1238 3748 defendit
1251 3683 1322 3750 vim
1337 3689 1372 3749 et

320 3787 487 3872 injuriam,
518 3786 648 3872 quando
671 3790 731 3851 etc.
778 3784 824 3848 Et
850 3784 932 3852 dicit
955 3785 1042 3870 quod
1064 3786 1135 3872 ipse
1157 3786 1371 3854 nihilominus

323 3888 359 3952 in
381 3887 541 3974 praedicta
563 3887 694 3968 vicaria,
711 3891 870 3972 tanquam
900 3891 1058 3976 patronus
1081 3891 1141 3954 eto.
1202 3887 1269 3955 Sed
1290 3889 1372 3954 dicit

326 3991 415 4078 quod
437 3991 506 4078 ipse
530 3997 580 4058 est
603 3991 877 4079 metropolitanus
899 3992 1103 4080 episcopatus
1132 3993 1292 4079 praedicti,
1316 4014 1374 4078 per

327 4095 415 4179 quod
438 4093 588 4160 custodia
614 4093 651 4159 in
673 4095 777 4160 curia*
794 4093 1042 4181 spiritualitatis
1076 4093 1221 4180 ejusdem
1251 4095 1373 4182 episco-

321 4201 428 4284 patus,
472 4196 548 4262 scde
586 4196 791 4282 episcopatus
827 4195 977 4283 praedioei
1010 4204 1158 4275 vacante,
1190 4197 1233 4261 ad
1265 4199 1373 4285 ipsum

323 4305 471 4386 spectare
495 4297 601 4376 debet,
625 4302 685 4362 etc.
732 4297 778 4362 Et
800 4297 989 4384 dicitquod
1012 4299 1090 4385 ipse,
1112 4304 1259 4386 tempore
1290 4323 1373 4388 pree·

322 4407 421 4472 dictae
452 4404 612 4471 custodiae
634 4425 710 4483 suae,
734 4403 865 4469 invenit
893 4405 1084 4491 praedictam
1106 4406 1272 4487 vicariam,
1298 4431 1372 4496 quea

321 4512 371 4573 est
394 4506 559 4593 quoddam
582 4526 670 4571 mere
693 4505 872 4593 spirituale,
894 4512 1086 4588 vacantem3
1109 4512 1151 4587 et,
1166 4530 1205 4574 ea
1235 4509 1371 4589 ratione,

242 4613 243 4618 ’
318 4609 475 4674 vicariam
497 4607 590 4673 illam
612 4607 755 4675 contulit
769 4608 900 4674 cuidam
915 4607 1030 4675 clerico
1053 4631 1111 4675 suo
1126 4615 1196 4692 etc,
1212 4617 1370 4699 tanquam

324 4709 597 4798 metropolitanus
619 4714 680 4777 etc.
735 4709 781 4775 Et
803 4709 884 4778 dicit
907 4711 996 4795 quod
1025 4710 1096 4797 ipse
1118 4712 1245 4780 nullum
1267 4714 1371 4781 alium
