3362 5720
401 856 819 916 ans1sraunrn1nr1iiun
841 863 1081 915 nusmnmsn
1173 853 1259 916 1285

42 1049 414 1137 mutetappnaium
436 1051 515 1138 quia
536 1053 651 1118 dicunt
665 1053 752 1138 quod
773 1053 949 1140 praedictus
971 1054 1086 1120 boscus
1116 1054 1262 1122 distata
1292 1059 1416 1108 mm&

214 1152 372 1238 praedicto
393 1153 538 1220 manerio
571 1154 612 1220 de
635 1153 757 1240 Ryton'
780 1154 847 1220 fere
878 1177 937 1242 per
968 1159 1036 1220 tres
1068 1154 1185 1236 leucas,
1217 1160 1260 1236 et,

214 1258 348 1339 propter
380 1253 570 1320 distantim
603 1255 667 1321 loci
697 1255 848 1341 praedicti
880 1255 1029 1322 homines
1059 1257 1100 1322 de
1137 1256 1259 1342 Ryton’

215 1374 284 1419 non
319 1355 647 1422 communicaverunt
683 1356 720 1422 in
756 1355 913 1443 praedicto
950 1356 1046 1422 bosco
1089 1362 1260 1444 appruato,

216 1454 281 1518 nisi
304 1458 437 1522 tantum
459 1477 534 1522 cum
556 1456 648 1542 cquis
670 1455 852 1536 indomitis,
874 1462 910 1522 et
939 1455 1058 1522 averiis
1087 1457 1155 1522 suis
1192 1479 1260 1523 non

215 1555 451 1637 laborantibus,
474 1579 548 1642 quae
563 1562 633 1622 tam
655 1557 709 1622 die
731 1577 830 1643 quani
851 1561 947 1622 nocte
968 1562 1197 1623 remanserunt
1217 1559 1260 1623 ad

215 1661 384 1743 pasturam
421 1677 515 1723 suam
527 1681 536 1737 ;
573 1658 631 1724 sed
667 1675 742 1724 eum
764 1657 868 1724 bobus
905 1657 947 1722 de
983 1677 1105 1734 caruca,
1143 1658 1259 1736 vaccis,

215 1756 415 1836 bidentibus,
429 1779 488 1824 seu
516 1758 590 1824 aliis
613 1757 811 1824 animalibus
840 1758 916 1836 suis,
939 1759 1026 1845 apud
1048 1757 1159 1825 Biton’
1182 1780 1260 1825 con-

215 1859 309 1924 tinue
338 1859 533 1925 cubantibus
562 1865 598 1924 et
626 1859 823 1941 levantibus,
852 1858 922 1925 fere
947 1879 1014 1924 non
1043 1860 1260 1926 communica-

217 1963 345 2042 verunt,
368 1980 428 2026 nec
456 1960 590 2046 aliquod
607 1960 800 2047 proficuum
828 1981 888 2046 pro
921 1959 1110 2044 hujusmodi
1140 1961 1261 2026 averiis

217 2060 285 2125 suis
300 2061 341 2125 de
355 2061 514 2146 praedicto
528 2061 625 2127 bosco
639 2061 827 2126 habuerunt
840 2067 899 2126 etc.
945 2061 990 2125 Et
1011 2061 1119 2146 quoad
1133 2061 1261 2127 attach·

217 2162 399 2228 iamentnm
428 2162 672 2228 foisstariorum
694 2166 729 2226 et
769 2161 909 2227 aliorum
945 2161 1117 2227 hominum
1157 2161 1262 2248 ipsius

216 2263 355 2342 abbatis,
378 2283 438 2347 pro
459 2262 644 2352 portatione
673 2283 808 2328 arcuum
838 2267 873 2328 et
904 2263 1108 2348 sagittamm,
1132 2267 1167 2328 et
1188 2283 1263 2350 cap·

217 2364 309 2429 tione
344 2363 532 2429 venationis
569 2369 604 2429 at
635 2364 750 2429 avium
791 2363 829 2428 in
868 2363 1034 2450 praedictis
1076 2363 1184 2430 boscis
1221 2365 1263 2430 do

218 2463 396 2550 Ghapwell,
438 2464 554 2530 dicunt
596 2465 685 2550 quod
720 2486 742 2531 a
771 2469 917 2551 tempore
949 2486 1013 2549 quo
1055 2485 1123 2530 non
1170 2469 1264 2530 extat

217 2565 381 2645 memoria,
403 2586 507 2651 usquc
528 2566 571 2629 ed
592 2569 722 2652 tempus
744 2585 808 2650 quo
830 2566 994 2632 Walterus
1017 2566 1058 2631 de
1080 2565 1263 2632 Bermeton’

219 2666 286 2731 fuit
308 2665 497 2731 forestarius
517 2665 654 2731 Rcbcrti
677 2666 718 2731 de
741 2665 863 2743 Insula,
878 2687 985 2751 nuper
1006 2666 1147 2752 episcopi
1169 2666 1262 2731 Dun-

220 2765 384 2847 olmcnsis,
414 2786 584 2852 nunquam
617 2765 684 2830 fuit
715 2766 892 2852 praedictus
923 2764 1033 2844 abbas,
1055 2787 1113 2830 seu
1144 2766 1262 2851 aliquis

218 2867 389 2934 hominum
411 2887 552 2948 suorum,
574 2866 751 2952 impeditus
773 2867 817 2932 ad
838 2865 1032 2952 capiendum
1054 2867 1263 2933 venationem

218 2973 278 3036 aut
298 2987 377 3034 aves
398 2967 520 3052 ubique
542 2967 579 3031 in
600 2967 705 3033 boscis
726 2967 794 3032 suis
816 2967 858 3031 de
880 2965 1067 3054 Ohapwell’,
1082 2967 1126 3030 ad
1147 2967 1263 3032 volun·

220 3085 324 3146 tatem
346 3097 450 3157 suam,
471 3095 533 3140 nec
554 3073 718 3140 forestarii
740 3071 792 3137 sui
814 3071 967 3160 impediti
989 3091 1084 3138 arcus
1106 3075 1140 3136 et
1162 3070 1263 3157 sagit—

222 3187 274 3246 tas
292 3168 465 3265 portantes
486 3175 529 3240 ad
558 3175 669 3240 boscos
691 3193 776 3254 suos,
798 3172 1056 3254 custodiendum,
1095 3193 1263 3259 quousque

220 3281 395 3369 pradictus
427 3277 592 3343 Walterus
615 3275 723 3353 semel,
756 3278 903 3361 tempore
939 3272 1090 3360 praedicti
1127 3272 1265 3338 Roberti

221 3383 263 3448 de
295 3381 420 3470 Insula,
453 3385 488 3445 et
520 3377 610 3456 alias,
633 3381 780 3462 tempore
812 3374 959 3456 Antonii,
981 3394 1087 3461 nuper
1120 3373 1264 3458 episcopi

221 3481 465 3573 praedecessoris
487 3484 557 3557 etc,
578 3476 760 3544 consimilia
792 3475 1049 3542 attachiamenta
1071 3473 1112 3537 de
1142 3470 1265 3538 abbate

225 3585 315 3651 Novi
330 3583 532 3664 Monasterii,
548 3581 606 3668 qui
627 3587 708 3646 tunc
722 3579 795 3656 fuit,
811 3576 890 3642 fecit
913 3581 947 3642 at
961 3576 1033 3641 fieri
1056 3574 1266 3661 procuravit3

223 3689 271 3754 ia
293 3667 382 3774 quoe
412 3685 455 3750 ae
485 3680 722 3769 querimoniam
744 3681 898 3766 ipsorum,
927 3675 1158 3762 inquisitiones
1188 3673 1266 3740 inde

223 3795 327 3877 captae
342 3787 477 3852 fuerunt
491 3805 550 3872 per
564 3787 762 3871 praeccptum
776 3778 1008 3867 praedictoruni
1024 3777 1267 3862 episcoporum3

224 3912 283 3979 per
304 3911 386 3976 ques
416 3891 618 3973 compertum
651 3882 726 3960 fuit,
749 3881 837 3967 quod
870 3879 1047 3970 praedictus
1077 3877 1195 3942 boscus
1225 3877 1267 3941 de

225 3989 401 4078 Chapwell’
423 4009 483 4054 nec
513 3987 578 4051 fuit
598 4004 754 4050 warenna
775 4003 836 4048 nec
857 3979 960 4044 libera
981 3978 1099 4044 chacea
1120 3977 1267 4064 alicujus,

226 4115 285 4182 per
316 4091 403 4178 quod
433 4091 518 4156 bene
550 4086 646 4151 licuit
676 4081 842 4170 praedictis
872 4078 1051 4146 abbatibus
1087 4077 1268 4143 custodiam

226 4197 397 4261 hoscorum
419 4209 551 4256 suorum
573 4208 632 4274 per
653 4183 840 4250 forestarios
861 4201 945 4258 suos,
960 4199 1054 4246 arcus
1076 4182 1110 4243 et
1132 4177 1269 4263 sagittas

232 4299 411 4385 portantes,
426 4312 486 4379 pro
500 4289 673 4354 voluntate
687 4306 755 4362 sua,
778 4284 882 4350 facere
904 4279 1121 4360 venationem,
1137 4281 1172 4342 et
1193 4296 1271 4342 aves

231 4398 354 4463 ibidem
388 4413 501 4480 capere
535 4395 569 4455 et
602 4391 774 4474 asportare.
831 4381 877 4448 Et
911 4382 957 4447 sic
989 4399 1088 4466 super
1123 4377 1270 4444 articulis

166 4495 171 4503 “
234 4497 407 4587 praedictis,
422 4515 481 4581 per
502 4489 731 4576 inquisitiones
745 4483 926 4573 praedictas,
942 4483 1109 4566 comperta
1121 4478 1271 4560 veritate,

232 4597 382 4688 praedicti
403 4595 549 4670 abbates,
571 4590 629 4676 qui
647 4593 736 4680 ‘tunc
757 4587 900 4662 fuerunt,
923 4583 964 4648 de
986 4579 1175 4667 hujusmodi
1196 4599 1271 4666 gra-
