3524 5716
502 814 703 875 nncusrnmr
726 823 929 875 rrmrruuu
951 823 1194 876 nunnunnusn.
1288 812 1372 878 1191

157 1026 311 1080 unstruot.
329 1031 413 1099 ceys,
452 1012 614 1078 Johunnis
651 1011 713 1076 filii
751 1010 868 1091 Amiae,
909 1009 1045 1076 Roberti
1075 1012 1135 1076 filii
1174 1011 1300 1089 Matill’,
1339 1016 1373 1076 et
1400 1030 1522 1076 annua

332 1113 470 1182 Henrioi
492 1116 532 1181 dc
563 1113 757 1190 Middelton,
786 1114 827 1178 de
856 1134 954 1178 cursu
987 1113 1158 1198 cujusdam
1190 1133 1284 1199 aquae
1317 1112 1373 1177 de-

326 1218 511 1283 scendentis
527 1219 562 1282 in
585 1239 706 1303 aquam
723 1217 765 1280 do
787 1213 964 1294 Derwent’,
980 1217 1154 1294 obstructo,
1170 1239 1228 1304 per
1243 1217 1374 1283 nativos

324 1323 358 1383 ct
395 1318 534 1386 cotarios
572 1318 677 1405 ipsius
714 1317 865 1404 episcopi,
897 1318 938 1382 de
972 1318 1135 1404 Bameby‚
1169 1324 1209 1383 ut
1243 1319 1374 1398 dicitur,

326 1421 421 1499 sicut,
444 1443 486 1486 ex
507 1421 601 1508 gravi
631 1420 763 1506 querela
797 1420 934 1486 Roberti
968 1422 1008 1486 da
1043 1421 1270 1508 Babbethorp’‚
1293 1443 1375 1508 prac-

324 1523 412 1588 dicto
446 1525 595 1610 episcopo
629 1527 681 1588 est
719 1527 892 1588 ostensum.
954 1522 1037 1603 Quae
1075 1523 1247 1609 inquisitio
1285 1523 1374 1604 dicit,

327 1625 414 1710 quod
436 1625 544 1690 nativi
566 1630 600 1690 st
622 1625 739 1692 cetarii
761 1624 865 1711 ipsius
888 1624 1032 1712 episcopi
1062 1626 1103 1690 de
1134 1625 1288 1711 Bameby
1318 1625 1375 1690 ob·

318 1731 512 1793 struxerunt
534 1749 665 1793 cursum
688 1726 855 1812 praedictae
877 1749 979 1813 aquae,
1003 1748 1062 1813 per
1083 1725 1139 1813 xij.
1176 1727 1375 1812 septimanas

323 1834 401 1893 anta
433 1829 618 1915 captionem
652 1828 755 1916 ipsius
792 1828 1025 1913 inquisitionis,
1059 1829 1103 1894 ad
1138 1833 1374 1894 nocumentum
1445 1822 1451 1838 ’
1483 1839 1489 1847 ’

321 1926 416 1991 liberi
454 1928 637 1992 tenementi
675 1926 779 2012 ipsius
817 1925 954 1991 Roberti
991 1926 1033 1991 de
1072 1925 1302 2013 Babbethorp'‚
1332 1926 1374 1992 ad

319 2029 477 2093 damnum
500 2027 647 2113 ejusdem
670 2028 808 2093 Roberti
831 2027 887 2112 xij.
900 2027 930 2092 d.
977 2027 1022 2092 Et
1046 2027 1220 2114 juratores,
1243 2026 1375 2112 quaesiti

318 2151 339 2196 a
361 2151 425 2214 quo
447 2134 594 2216 tempore
616 2151 730 2196 cursus
753 2130 920 2217 praedictae
943 2151 1047 2215 aquae,
1062 2133 1208 2215 tempore
1223 2130 1374 2217 praedicti

328 2231 467 2297 Roberti
500 2236 536 2297 et
566 2237 807 2298 antecessorum
842 2253 984 2311 suorum,
1008 2230 1166 2298 extiterat
1188 2232 1224 2296 in
1245 2233 1316 2300 loco
1338 2233 1374 2298 in

324 2356 389 2419 quo
411 2355 501 2400 nunc
523 2333 715 2412 obstruitur,
739 2334 856 2398 dicunt
880 2334 968 2419 quod
990 2355 1011 2399 a
1032 2339 1182 2419 tempore
1211 2356 1276 2420 quo
1306 2356 1374 2401 non

325 2436 372 2501 cis
395 2439 490 2502 extat
511 2437 678 2522 memoria.
726 2434 868 2517 Quaesiti
890 2435 999 2512 etiam,
1015 2435 1051 2499 in
1074 2440 1163 2500 terra
1184 2435 1278 2521 cujus
1300 2457 1373 2502 cur-

323 2559 378 2603 sus
401 2537 490 2602 illius
511 2558 607 2623 aquae
630 2538 705 2619 fuit,
729 2537 846 2604 dicunt
868 2537 957 2623 quod
979 2537 1016 2602 in
1037 2542 1127 2602 terra
1149 2537 1373 2625 episcoporum

319 2639 611 2705 Dunelmensium:
635 2643 670 2704 et
692 2639 808 2704 dicunt
829 2639 918 2724 quod
941 2643 1030 2704 terra
1048 2660 1094 2703 ex
1115 2644 1256 2725 utraque
1278 2645 1372 2727 parte

315 2741 437 2820 fossati,
454 2763 565 2806 cursus
587 2741 677 2806 illius
699 2763 794 2827 aquea
817 2745 875 2819 est,
898 2745 933 2806 et
954 2741 1021 2804 fuit
1042 2740 1183 2814 liberum
1205 2748 1374 2806 tenemen-

320 2850 393 2910 tum
409 2845 634 2933 episcoporum
656 2843 938 2922 Dunolmensium,
954 2848 988 2908 et
1010 2844 1098 2929 quod
1120 2843 1199 2910 solio
1222 2845 1372 2931 proximo

320 2947 472 3032 adjacens
487 2947 537 3010 illi
560 2948 688 3012 fossato
705 2967 748 3011 cx
769 2949 864 3032 parte
881 2944 1041 3024 orientali,
1059 2951 1109 3011 cst
1123 2945 1264 3026 liberum
1280 2952 1372 3012 tene·

318 3054 468 3114 mentum
503 3048 644 3135 episcopi
678 3047 836 3134 praedicti,
869 3053 904 3112 et
926 3051 1063 3113 vocatur
1085 3049 1271 3134 antiquitus
1295 3049 1372 3114 “Le

323 3150 584 3239 Bisshopcauce.”
632 3151 676 3214 Et
692 3149 779 3235 quod
795 3149 946 3235 praedicti
968 3149 1078 3214 nativi
1093 3156 1127 3215 et
1142 3151 1257 3216 cotarii
1279 3149 1371 3216 illam

263 3291 268 3301 ·
323 3255 479 3319 selionem
501 3253 626 3337 injuste
649 3257 836 3328 tenuerunt,
859 3251 945 3315 nihil
967 3251 1099 3316 domino
1122 3273 1181 3316 suo
1197 3251 1371 3332 reddendo,

323 3378 429 3442 neque
451 3377 511 3442 pro
533 3353 689 3441 herbagio
712 3359 874 3419 crescente
904 3375 946 3417 ex
975 3358 1116 3438 utraque
1138 3358 1232 3439 parte
1255 3354 1370 3419 fossati

322 3458 479 3544 praedicti.
536 3457 582 3522 Et
613 3456 701 3542 quod
739 3459 943 3540 compertum
981 3461 1032 3518 cst
1069 3475 1127 3540 per
1169 3455 1370 3520 veredictum

323 3559 555 3645 praedictorum
584 3556 782 3644 juratorum,
814 3555 902 3641 quod
934 3575 1047 3620 cursus
1078 3555 1245 3641 praedictae
1276 3577 1370 3642 aquae

322 3663 509 3726 obstructus
531 3665 583 3726 est
605 3665 752 3746 tempore
784 3657 866 3723 dicti
900 3657 1025 3720 domini
1060 3657 1203 3734 Ricardi,
1226 3657 1370 3746 episcopi

320 3785 417 3840 nunc,
454 3761 584 3848 injuste,
632 3767 665 3826 et
703 3761 745 3824 ad
783 3763 1017 3824 nocumentum
1054 3758 1150 3824 liberi
1187 3760 1370 3824 tenementi

321 3866 425 3952 ipsius
458 3864 596 3930 Roberti
629 3864 671 3928 dc
702 3860 933 3946 Babbethorp’,
968 3860 1042 3925 vult
1076 3861 1185 3927 dictus
1217 3861 1368 3927 dominus

322 3967 491 4054 episcopus
514 3965 603 4051 quod
626 3986 738 4031 cursus
761 3964 930 4050 praedictae
953 3985 1049 4048 aquae
1072 3963 1175 4028 sitin
1204 3963 1274 4028 loco
1304 3987 1368 4050 quo

320 4070 411 4154 prius
435 4069 501 4132 fuit
522 4073 600 4134 ante
623 4066 881 4132 obstructionem
912 4065 1112 4153 praedictam,
1137 4071 1170 4130 et
1193 4068 1281 4152 quod
1311 4067 1368 4132 ob·
1467 4089 1470 4094 ·

320 4171 457 4236 structio
480 4170 647 4256 praedicta,
671 4168 714 4234 ad
737 4173 849 4233 custus
871 4167 1106 4253 praedictorum
1121 4167 1311 4232 nativorum
1334 4173 1368 4233 et
1404 4173 1408 4180 '

318 4273 515 4338 cotariorum
552 4272 802 4349 disobstruatur,
841 4270 890 4334 ita
927 4270 1015 4354 quod
1053 4290 1165 4334 cursus
1202 4270 1369 4354 praedictae

320 4395 415 4460 aquae
452 4374 513 4440 fiat
550 4375 591 4439 dc
623 4378 740 4438 caetero
772 4372 809 4435 in
840 4371 1038 4457 profundum
1072 4375 1107 4435 et
1136 4371 1251 4452 latum,
1284 4372 1370 4438 sicut

319 4476 410 4562 prius
442 4477 515 4555 fuit,
550 4480 627 4541 ante
660 4473 914 4540 obstructionem
948 4473 1148 4560 praedictum,
1171 4473 1265 4558 cujus
1297 4495 1369 4561 pro·

324 4579 471 4645 funditus
521 4578 588 4643 suit
627 4577 685 4662 iiij.
723 4575 852 4663 pedum.
914 4575 959 4640 Et
999 4575 1147 4661 praedicti
1190 4576 1298 4641 nativi
1336 4582 1370 4642 et

320 4680 435 4748 cotarii
458 4682 515 4767 qui
538 4677 760 4746 interfuerunt
782 4677 997 4746 obstructioni
1012 4678 1179 4766 praedictae
1194 4679 1229 4744 in
1245 4679 1368 4746 miseri-
