3506 5702
365 763 430 830 718
544 774 742 825 esmsreou
765 771 967 823 esssrmuu
987 769 1232 822 assumsisse.

215 973 271 1018 sn.
280 973 337 1018 rus.
369 957 570 1036 visitatione,
584 978 623 1024 eo
645 958 708 1023 sibi
727 955 871 1044 objectis,
885 957 950 1022 rite
965 961 1001 1022 et
1015 955 1169 1022 cononice
1184 975 1219 1020 sc
1234 951 1393 1038 purgavit
1404 973 1412 1031 ;
1424 961 1469 1007 sn.
1478 961 1587 1015 spisse

370 1064 505 1147 propter
527 1059 616 1146 quod
637 1060 753 1146 ipsum,
780 1059 866 1129 sicut
892 1059 1011 1136 decuit,
1026 1058 1069 1124 ed
1091 1057 1214 1122 famem
1236 1054 1411 1142 pristinam

366 1162 583 1240 restituimus,
598 1183 673 1228 eum
688 1162 732 1228 ab
746 1160 989 1246 inquietatione
1005 1159 1162 1247 qualibet,
1177 1158 1286 1246 quoad
1301 1157 1412 1222 omnia

368 1286 443 1350 quae
476 1265 606 1330 ratione
639 1264 737 1332 dictas
759 1262 964 1330 visitationis
986 1262 1050 1328 sibi
1080 1260 1181 1348 objici
1209 1264 1369 1347 poterunt
1390 1279 1412 1324 a

367 1385 570 1452 quocunque,
594 1367 726 1454 penitus
748 1365 964 1432 dimittentes.
1010 1365 1052 1430 In
1073 1364 1166 1449 eujus
1193 1363 1241 1428 rei
1262 1361 1442 1426 testimo·-

364 1469 467 1545 nium,
483 1472 662 1553 praesentes
684 1467 798 1534 literas
820 1467 909 1534 dicto
932 1465 1066 1534 domino
1087 1464 1257 1534 Willetmo
1279 1463 1362 1543 fieri,
1376 1467 1412 1528 et

364 1573 477 1634 nostro
500 1569 607 1656 sigiilo
638 1569 774 1636 fecimus
803 1567 1007 1636 communiri.
1054 1567 1181 1636 Datum
1204 1566 1293 1654 apud
1322 1565 1407 1630 Mid-

365 1669 506 1752 delhem,
522 1668 630 1736 xxix0.
647 1671 702 1738 die
711 1671 864 1756 Augusti,
879 1693 965 1736 auno
981 1669 1118 1738 Domini
1132 1665 1261 1738 n⁰.cce⁰.
1277 1667 1412 1754 quinto·
1444 1693 1445 1698 ¹

366 1772 502 1853 decimo,
525 1777 560 1838 et
582 1773 837 1842 consecrationis
858 1779 980 1840 nostres
1003 1772 1128 1858 quinto.

197 1977 347 2073 gffflgffl
491 2042 496 2053 ,
524 2041 531 2054 ‚
641 1978 811 2057 Ricardus,
832 1980 1055 2066 permissione,
1079 1983 1148 2057 etc,
1166 1977 1296 2044 dilectis
1311 1978 1411 2058 ,filiis

197 2079 341 2173 gttffiw
368 2040 555 2108 [commuue.
595 2084 752 2172 magistro
776 2082 925 2160 Biennio,
948 2081 1079 2148 officiali
1102 2080 1235 2147 discreti
1260 2079 1327 2146 viri
1354 2082 1412 2146 do·

199 2179 327 2282 ἶξᾷξῗζξξθ
364 2190 447 2254 mini
470 2188 690 2257 archidiaconi
719 2185 978 2262 Nerthumbriae,
1001 2189 1036 2250 et
1070 2183 1204 2249 domino
1235 2183 1410 2261 Willelmo,

197 2280 262 2382 ξὲῖξζ
271 2280 344 2326 ”⁸³⁹⁸
364 2296 521 2379 perpetuo
544 2292 667 2358 vicerio
690 2288 831 2362 ecclesiae
846 2288 937 2352 beati
960 2286 1114 2352 Nicholei
1127 2287 1165 2350 in
1180 2285 1214 2350 N
1216 2307 1278 2352 ovo
1295 2287 1412 2354 castro

365 2415 461 2480 super
490 2394 626 2479 Tynem,
649 2393 797 2470 satutem,
814 2390 955 2476 gretiam
982 2395 1016 2454 et
1042 2389 1312 2456 benedictionem.
1360 2389 1412 2453 Dc

365 2500 484 2560 vestrae
522 2492 824 2581 circumspectionis
860 2492 1027 2557 industrie
1048 2491 1182 2577 plenam
1204 2493 1242 2555 in
1264 2491 1409 2556 Domino

364 2597 518 2662 fiduciam
556 2597 752 2672 obtinentes,
775 2595 819 2660 ad
852 2593 1077 2680 recipiendum
1103 2593 1313 2680 probationes
1344 2598 1410 2658 tes-

364 2699 505 2764 tamenti
552 2698 672 2770 nobilis
721 2696 877 2774 mulieris,
911 2695 1054 2762 dominae
1091 2697 1200 2762 Lucios
1234 2697 1409 2762 oomiussae

365 2800 551 2887 Denegous,
566 2801 739 2879 defunctae,
755 2799 1037 2880 committendum,
1053 2798 1091 2864 in
1105 2798 1211 2864 forma
1221 2798 1318 2883 juris,
1333 2821 1410 2864 exe·

364 2902 532 2968 cutoribus
570 2901 715 2987 ejusdem
753 2901 1076 2967 administrationem
1114 2901 1150 2965 in
1183 2901 1279 2966 bonis
1308 2901 1412 2988 ipsius

322 3057 327 3066 .
363 3003 450 3069 infre
467 3003 732 3088 jurisdictionem
753 3009 901 3069 nostram
924 3003 1154 3085 existentibus,
1179 3007 1214 3068 et
1236 3004 1279 3068 ed
1301 3004 1412 3070 omnis

251 3159 255 3172 .
303 3159 308 3172 .
364 3105 430 3169 elie
461 3099 751 3193 faciendumque
785 3105 965 3172 necessaria
999 3105 1123 3170 fuerint
1157 3107 1193 3169 in
1225 3105 1286 3172 heo
1308 3111 1411 3193 parte,

365 3206 469 3288 vobis,
486 3213 520 3273 et
544 3209 641 3274 atteri
663 3214 812 3274 vestrum
834 3207 1037 3286 insolidum,
1060 3207 1149 3273 vices
1170 3212 1302 3274 nostres
1323 3229 1410 3273 com·

364 3309 536 3389 mittimus,
559 3332 634 3377 cum
657 3309 833 3396 cujuslibet
855 3310 1030 3375 coercionis
1053 3309 1216 3376 canonieee
1237 3315 1410 3397 potestate.

364 3411 407 3476 In
430 3411 523 3498 eujus
545 3414 593 3479 rei
615 3413 841 3480 testimonium
857 3412 1003 3498 sigillum
1026 3417 1177 3478 nostrum
1193 3413 1411 3500 praesentibus

364 3520 414 3579 est
444 3537 631 3600 appensum
677 3514 804 3580 Datum
841 3515 931 3600 apud
969 3512 1172 3600 Wardeleye,
1212 3511 1319 3601 xxvj0.
1358 3513 1411 3578 die

365 3617 519 3701 Augusti,
543 3617 798 3705 consecrationis
820 3609 943 3682 nostres
967 3637 1053 3682 enno
1076 3616 1201 3701 quinto.

197 3839 328 3934 ἔφηῶ
365 3802 497 3927 Inquisitio
522 3878 596 3928 super
673 3820 861 3886 Venerabili
894 3822 931 3904 in
953 3821 1085 3888 Christo
1108 3821 1197 3908 petri
1219 3825 1254 3888 et
1277 3822 1412 3890 domino

197 3941 247 3983 son
286 3941 340 3984 uos·
365 3945 425 3981 essu
443 3930 485 3996 qui
504 3929 596 3981 accidit
629 3945 697 4005 suo,
729 3923 862 3989 domino
894 3923 1044 4002 Ricsrdo,
1075 3924 1139 3988 Dei
1167 3925 1284 4010 gratie,
1315 3927 1411 3992 Dun-

195 3991 340 4134 {ffb
365 3997 572 4064 apadH⁰⁸ht⁰¹¹‘
629 4027 766 4093 olmensi
803 4026 961 4114 episcopo,
1001 4047 1079 4091 suus
1116 4025 1251 4092 humilis
1290 4034 1324 4094 et
1355 4030 1412 4096 de·

197 4103 345 4245 gpggiffpgffi·
364 4135 472 4209 votus,
493 4131 524 4198 J.
549 4131 589 4196 de
606 4129 811 4209 Blenchowe,
835 4128 977 4204 clericus,
1000 4128 1126 4193 douriui
1149 4127 1296 4194 officialis
1319 4130 1412 4197 Dun-

363 4233 515 4300 olmeusis
537 4231 779 4298 commissarius
810 4229 981 4316 generalis,
1007 4229 1154 4296 debitam
1177 4231 1410 4313 obedientiam,

362 4359 437 4403 cum
471 4336 560 4402 omni
593 4334 787 4412 reverentia,
811 4332 1047 4419 complacentia.
1070 4338 1104 4399 et
1137 4334 1268 4402 honore.
1316 4337 1412 4401 Man-

362 4441 476 4504 datum
499 4443 646 4504 vestrum
679 4437 738 4523 iiij.
772 4435 836 4501 kei.
875 4434 1019 4521 Augusti
1055 4437 1244 4523 recepimus,
1266 4438 1304 4503 in
1323 4439 1413 4506 'haec

361 4539 716 4618 verba2-Rioordus,
755 4537 966 4626 permissione
1015 4539 1138 4621 divina,
1178 4541 1413 4608 Dunolmeusis

364 4643 539 4730 episcopus,
567 4642 686 4709 dilecto
708 4641 777 4706 filio
801 4691 808 4707 .
832 4693 838 4707 .
863 4693 868 4705 .
891 4641 1020 4708 officiali
1049 4647 1162 4710 nostro
1185 4643 1413 4727 Dunolmeusi,
