<?xml version="1.0" encoding="UTF-8"?>
<!DOCTYPE html PUBLIC "-//W3C//DTD XHTML 1.0 Transitional//EN"
    "http://www.w3.org/TR/xhtml1/DTD/xhtml1-transitional.dtd">
<html xmlns="http://www.w3.org/1999/xhtml" xml:lang="en" lang="en">
 <head>
  <title>
</title>
<meta http-equiv="Content-Type" content="text/html;charset=utf-8" />
  <meta name='ocr-system' content='tesseract 3.04.00' />
  <meta name='ocr-capabilities' content='ocr_page ocr_carea ocr_par ocr_line ocrx_word'/>
</head>
<body>
  <div class='ocr_page' id='page_1' title='image "./registrumpalati00kellgoog_0503.png"; bbox 0 0 3538 5712; ppageno 0'>
   <div class='ocr_carea' id='block_1_1' title="bbox 498 785 1365 852">
    <p class='ocr_par' dir='ltr' id='par_1_1' title="bbox 498 785 1365 852">
     <span class='ocr_line' id='line_1_1' title="bbox 498 785 1365 852; baseline 0.007 -6"><span class='ocrx_word' id='word_1_1' title='bbox 498 795 695 848; x_wconf 78' lang='grc'><strong>1111111111(</strong></span> <span class='ocrx_word' id='word_1_2' title='bbox 717 793 921 848; x_wconf 79' lang='lat' dir='ltr'><strong>remrrruu</strong></span> <span class='ocrx_word' id='word_1_3' title='bbox 943 795 1233 848; x_wconf 79' lang='grc'><strong>1111111111</strong></span> <span class='ocrx_word' id='word_1_4' title='bbox 1280 785 1365 852; x_wconf 84' lang='grc'><strong>1119</strong></span> 
     </span>
    </p>
   </div>
   <div class='ocr_carea' id='block_1_2' title="bbox 151 979 1535 1374">
    <p class='ocr_par' dir='ltr' id='par_1_2' title="bbox 151 979 1521 1374">
     <span class='ocr_line' id='line_1_2' title="bbox 151 979 1518 1094; baseline 0.005 -53"><span class='ocrx_word' id='word_1_5' title='bbox 151 987 195 1032; x_wconf 79' lang='lat' dir='ltr'><strong>aa</strong></span> <span class='ocrx_word' id='word_1_6' title='bbox 204 987 280 1041; x_wconf 72' lang='lat' dir='ltr'><strong>rara</strong></span> <span class='ocrx_word' id='word_1_7' title='bbox 289 991 309 1034; x_wconf 74' lang='lat'><strong>³·</strong></span> <span class='ocrx_word' id='word_1_8' title='bbox 320 979 470 1061; x_wconf 76' lang='grc'><strong>11111111,</strong></span> <span class='ocrx_word' id='word_1_9' title='bbox 510 981 575 1048; x_wconf 90' lang='lat' dir='ltr'><strong>Dei</strong></span> <span class='ocrx_word' id='word_1_10' title='bbox 611 982 728 1070; x_wconf 74' lang='lat' dir='ltr'><strong>gratia</strong></span> <span class='ocrx_word' id='word_1_11' title='bbox 765 981 982 1048; x_wconf 89' lang='lat' dir='ltr'><strong>Dunolmensi</strong></span> <span class='ocrx_word' id='word_1_12' title='bbox 1022 983 1183 1070; x_wconf 87' lang='lat' dir='ltr'><strong>episeopo,</strong></span> <span class='ocrx_word' id='word_1_13' title='bbox 1218 982 1366 1049; x_wconf 87' lang='lat' dir='ltr'><strong>salutem.</strong></span> <span class='ocrx_word' id='word_1_14' title='bbox 1390 987 1518 1094; x_wconf 40' lang='grc'><strong>1113111111</strong></span> 
     </span>
     <span class='ocr_line' id='line_1_3' title="bbox 320 1051 1521 1200; baseline 0.005 -54"><span class='ocrx_word' id='word_1_15' title='bbox 320 1082 472 1168; x_wconf 85' lang='lat' dir='ltr'><strong>Regnum</strong></span> <span class='ocrx_word' id='word_1_16' title='bbox 508 1087 669 1162; x_wconf 90' lang='lat' dir='ltr'><strong>nostrum,</strong></span> <span class='ocrx_word' id='word_1_17' title='bbox 707 1083 806 1200; x_wconf 80' lang='lat' dir='ltr'><strong>quod,</strong></span> <span class='ocrx_word' id='word_1_18' title='bbox 838 1083 925 1151; x_wconf 86' lang='lat' dir='ltr'><strong>sicat</strong></span> <span class='ocrx_word' id='word_1_19' title='bbox 963 1104 984 1150; x_wconf 91' lang='grc'><strong>1</strong></span> <span class='ocrx_word' id='word_1_20' title='bbox 1021 1085 1138 1150; x_wconf 88' lang='lat' dir='ltr'><strong>multis</strong></span> <span class='ocrx_word' id='word_1_21' title='bbox 1182 1084 1358 1152; x_wconf 81' lang='lat' dir='ltr'><strong>didicimus</strong></span> <span class='ocrx_word' id='word_1_22' title='bbox 1358 1051 1521 1194; x_wconf 56' lang='lat' dir='ltr'><strong>,Equnffiir</strong></span> 
     </span>
     <span class='ocr_line' id='line_1_4' title="bbox 318 1184 1535 1298; baseline 0.003 -50"><span class='ocrx_word' id='word_1_23' title='bbox 318 1184 492 1274; x_wconf 81' lang='lat' dir='ltr'><strong>frumenti</strong></span> <span class='ocrx_word' id='word_1_24' title='bbox 492 1188 528 1250; x_wconf 94' lang='grc'><strong>11</strong></span> <span class='ocrx_word' id='word_1_25' title='bbox 549 1184 691 1250; x_wconf 85' lang='lat' dir='ltr'><strong>aliorum</strong></span> <span class='ocrx_word' id='word_1_26' title='bbox 713 1185 807 1271; x_wconf 89' lang='lat' dir='ltr'><strong>copia</strong></span> <span class='ocrx_word' id='word_1_27' title='bbox 821 1185 1017 1252; x_wconf 72' lang='lat' dir='ltr'><strong>victualium</strong></span> <span class='ocrx_word' id='word_1_28' title='bbox 1034 1191 1068 1252; x_wconf 90' lang='grc'><strong>11</strong></span> <span class='ocrx_word' id='word_1_29' title='bbox 1090 1187 1262 1253; x_wconf 72' lang='lat' dir='ltr'><strong>bladorum</strong></span> <span class='ocrx_word' id='word_1_30' title='bbox 1291 1187 1367 1273; x_wconf 89' lang='lat' dir='ltr'><strong>plus</strong></span> <span class='ocrx_word' id='word_1_31' title='bbox 1379 1199 1499 1298; x_wconf 56' lang='lat' dir='ltr'><strong>qma·</strong></span> <span class='ocrx_word' id='word_1_32' title='bbox 1494 1249 1535 1293; x_wconf 48' lang='lat' dir='ltr'><strong>th</strong></span> 
     </span>
     <span class='ocr_line' id='line_1_5' title="bbox 319 1253 1516 1374; baseline 0 -22"><span class='ocrx_word' id='word_1_33' title='bbox 319 1286 445 1352; x_wconf 82' lang='lat' dir='ltr'><strong>caeteris</strong></span> <span class='ocrx_word' id='word_1_34' title='bbox 489 1286 677 1373; x_wconf 76' lang='lat' dir='ltr'><strong>regionibus</strong></span> <span class='ocrx_word' id='word_1_35' title='bbox 721 1285 891 1352; x_wconf 86' lang='lat' dir='ltr'><strong>abundare</strong></span> <span class='ocrx_word' id='word_1_36' title='bbox 938 1287 1109 1354; x_wconf 69' lang='lat' dir='ltr'><strong>retroactis</strong></span> <span class='ocrx_word' id='word_1_37' title='bbox 1162 1253 1464 1374; x_wconf 72' lang='lat' dir='ltr'><strong>temporibnsiieven</strong></span> <span class='ocrx_word' id='word_1_38' title='bbox 1420 1299 1516 1342; x_wconf 69' lang='grc'><strong>11111</strong></span> 
     </span>
    </p>
   </div>
   <div class='ocr_carea' id='block_1_3' title="bbox 193 1349 1503 4624">
    <p class='ocr_par' dir='ltr' id='par_1_3' title="bbox 193 1349 1503 2896">
     <span class='ocr_line' id='line_1_6' title="bbox 318 1349 1503 1477; baseline 0.002 -23"><span class='ocrx_word' id='word_1_39' title='bbox 318 1388 498 1470; x_wconf 81' lang='lat' dir='ltr'><strong>consuevit,</strong></span> <span class='ocrx_word' id='word_1_40' title='bbox 521 1393 654 1476; x_wconf 87' lang='lat' dir='ltr'><strong>propter</strong></span> <span class='ocrx_word' id='word_1_41' title='bbox 677 1396 863 1475; x_wconf 86' lang='lat' dir='ltr'><strong>temporum</strong></span> <span class='ocrx_word' id='word_1_42' title='bbox 884 1387 1121 1476; x_wconf 86' lang='lat' dir='ltr'><strong>intemperiem,</strong></span> <span class='ocrx_word' id='word_1_43' title='bbox 1136 1390 1250 1477; x_wconf 90' lang='lat' dir='ltr'><strong>populi</strong></span> <span class='ocrx_word' id='word_1_44' title='bbox 1272 1391 1368 1456; x_wconf 89' lang='lat' dir='ltr'><strong>nobis</strong></span> <span class='ocrx_word' id='word_1_45' title='bbox 1379 1349 1503 1394; x_wconf 54' lang='lat' dir='ltr'><strong>mm</strong></span> 
     </span>
     <span class='ocr_line' id='line_1_7' title="bbox 318 1488 1368 1577; baseline 0.004 -23"><span class='ocrx_word' id='word_1_46' title='bbox 318 1489 481 1554; x_wconf 83' lang='lat' dir='ltr'><strong>commissi</strong></span> <span class='ocrx_word' id='word_1_47' title='bbox 518 1489 660 1576; x_wconf 86' lang='lat' dir='ltr'><strong>peccatis</strong></span> <span class='ocrx_word' id='word_1_48' title='bbox 697 1488 916 1577; x_wconf 72' lang='lat' dir='ltr'><strong>exigentibus,</strong></span> <span class='ocrx_word' id='word_1_49' title='bbox 947 1495 986 1555; x_wconf 90' lang='lat' dir='ltr'><strong>ut</strong></span> <span class='ocrx_word' id='word_1_50' title='bbox 1009 1490 1174 1570; x_wconf 88' lang='lat' dir='ltr'><strong>timemus,</strong></span> <span class='ocrx_word' id='word_1_51' title='bbox 1195 1491 1368 1558; x_wconf 89' lang='lat' dir='ltr'><strong>Altissimo</strong></span> 
     </span>
     <span class='ocr_line' id='line_1_8' title="bbox 319 1588 1369 1678; baseline 0.006 -24"><span class='ocrx_word' id='word_1_52' title='bbox 319 1588 524 1675; x_wconf 78' lang='lat' dir='ltr'><strong>disponente,</strong></span> <span class='ocrx_word' id='word_1_53' title='bbox 548 1590 614 1672; x_wconf 81' lang='lat' dir='ltr'><strong>Qui</strong></span> <span class='ocrx_word' id='word_1_54' title='bbox 636 1590 795 1677; x_wconf 89' lang='lat' dir='ltr'><strong>superbos</strong></span> <span class='ocrx_word' id='word_1_55' title='bbox 836 1595 871 1656; x_wconf 92' lang='lat' dir='ltr'><strong>et</strong></span> <span class='ocrx_word' id='word_1_56' title='bbox 893 1590 1121 1678; x_wconf 81' lang='lat' dir='ltr'><strong>inobedientes</strong></span> <span class='ocrx_word' id='word_1_57' title='bbox 1157 1613 1219 1658; x_wconf 90' lang='lat' dir='ltr'><strong>sua</strong></span> <span class='ocrx_word' id='word_1_58' title='bbox 1251 1592 1369 1660; x_wconf 88' lang='lat' dir='ltr'><strong>diviua</strong></span> 
     </span>
     <span class='ocr_line' id='line_1_9' title="bbox 318 1691 1369 1780; baseline 0.004 -25"><span class='ocrx_word' id='word_1_59' title='bbox 318 1691 476 1777; x_wconf 87' lang='lat' dir='ltr'><strong>potentia,</strong></span> <span class='ocrx_word' id='word_1_60' title='bbox 499 1695 598 1778; x_wconf 89' lang='lat' dir='ltr'><strong>prout</strong></span> <span class='ocrx_word' id='word_1_61' title='bbox 612 1691 696 1770; x_wconf 89' lang='lat' dir='ltr'><strong>vult,</strong></span> <span class='ocrx_word' id='word_1_62' title='bbox 711 1691 867 1758; x_wconf 87' lang='lat' dir='ltr'><strong>humiliat</strong></span> <span class='ocrx_word' id='word_1_63' title='bbox 889 1697 924 1759; x_wconf 86' lang='lat' dir='ltr'><strong>et</strong></span> <span class='ocrx_word' id='word_1_64' title='bbox 938 1693 1086 1780; x_wconf 79' lang='lat' dir='ltr'><strong>castigat,</strong></span> <span class='ocrx_word' id='word_1_65' title='bbox 1103 1693 1207 1761; x_wconf 80' lang='lat' dir='ltr'><strong>tantis</strong></span> <span class='ocrx_word' id='word_1_66' title='bbox 1223 1693 1369 1780; x_wconf 83' lang='lat' dir='ltr'><strong>subjacet</strong></span> 
     </span>
     <span class='ocr_line' id='line_1_10' title="bbox 319 1791 1368 1879; baseline 0.004 -23"><span class='ocrx_word' id='word_1_67' title='bbox 319 1791 462 1857; x_wconf 87' lang='lat' dir='ltr'><strong>defectui</strong></span> <span class='ocrx_word' id='word_1_68' title='bbox 485 1798 520 1858; x_wconf 90' lang='lat' dir='ltr'><strong>et</strong></span> <span class='ocrx_word' id='word_1_69' title='bbox 541 1792 672 1879; x_wconf 86' lang='lat' dir='ltr'><strong>inopiae,</strong></span> <span class='ocrx_word' id='word_1_70' title='bbox 694 1813 733 1861; x_wconf 96' lang='grc'><strong>11</strong></span> <span class='ocrx_word' id='word_1_71' title='bbox 755 1793 928 1858; x_wconf 81' lang='lat' dir='ltr'><strong>bladorum</strong></span> <span class='ocrx_word' id='word_1_72' title='bbox 959 1794 1110 1862; x_wconf 84' lang='lat' dir='ltr'><strong>insolitae.</strong></span> <span class='ocrx_word' id='word_1_73' title='bbox 1135 1795 1277 1862; x_wconf 81' lang='lat' dir='ltr'><strong>caristiaa</strong></span> <span class='ocrx_word' id='word_1_74' title='bbox 1303 1795 1368 1860; x_wconf 91' lang='lat' dir='ltr'><strong>hiis</strong></span> 
     </span>
     <span class='ocr_line' id='line_1_11' title="bbox 318 1893 1368 1984; baseline 0.004 -27"><span class='ocrx_word' id='word_1_75' title='bbox 318 1893 443 1972; x_wconf 88' lang='lat' dir='ltr'><strong>diebus,</strong></span> <span class='ocrx_word' id='word_1_76' title='bbox 467 1895 554 1978; x_wconf 92' lang='lat' dir='ltr'><strong>quod</strong></span> <span class='ocrx_word' id='word_1_77' title='bbox 583 1893 691 1971; x_wconf 89' lang='lat' dir='ltr'><strong>blada,</strong></span> <span class='ocrx_word' id='word_1_78' title='bbox 712 1915 754 1960; x_wconf 87' lang='lat' dir='ltr'><strong>ex</strong></span> <span class='ocrx_word' id='word_1_79' title='bbox 785 1893 904 1980; x_wconf 87' lang='lat' dir='ltr'><strong>quibus</strong></span> <span class='ocrx_word' id='word_1_80' title='bbox 935 1895 1075 1982; x_wconf 89' lang='lat' dir='ltr'><strong>populus</strong></span> <span class='ocrx_word' id='word_1_81' title='bbox 1104 1901 1216 1962; x_wconf 86' lang='lat' dir='ltr'><strong>noster</strong></span> <span class='ocrx_word' id='word_1_82' title='bbox 1246 1897 1368 1984; x_wconf 89' lang='lat' dir='ltr'><strong>poterit</strong></span> 
     </span>
     <span class='ocr_line' id='line_1_12' title="bbox 319 1993 1369 2084; baseline 0.004 -26"><span class='ocrx_word' id='word_1_83' title='bbox 319 1993 507 2073; x_wconf 79' lang='lat' dir='ltr'><strong>sustentari,</strong></span> <span class='ocrx_word' id='word_1_84' title='bbox 522 1995 666 2061; x_wconf 84' lang='lat' dir='ltr'><strong>maxime</strong></span> <span class='ocrx_word' id='word_1_85' title='bbox 688 2016 749 2082; x_wconf 89' lang='lat' dir='ltr'><strong>pro</strong></span> <span class='ocrx_word' id='word_1_86' title='bbox 770 2015 808 2061; x_wconf 91' lang='lat' dir='ltr'><strong>ec</strong></span> <span class='ocrx_word' id='word_1_87' title='bbox 831 1995 920 2081; x_wconf 92' lang='lat' dir='ltr'><strong>quod</strong></span> <span class='ocrx_word' id='word_1_88' title='bbox 941 1997 1051 2082; x_wconf 86' lang='lat' dir='ltr'><strong>plures</strong></span> <span class='ocrx_word' id='word_1_89' title='bbox 1065 1997 1107 2063; x_wconf 90' lang='grc'><strong>(11</strong></span> <span class='ocrx_word' id='word_1_90' title='bbox 1122 1997 1236 2063; x_wconf 90' lang='lat' dir='ltr'><strong>eodem</strong></span> <span class='ocrx_word' id='word_1_91' title='bbox 1257 2018 1369 2084; x_wconf 86' lang='lat' dir='ltr'><strong>regno,</strong></span> 
     </span>
     <span class='ocr_line' id='line_1_13' title="bbox 319 2095 1369 2184; baseline 0.004 -24"><span class='ocrx_word' id='word_1_92' title='bbox 319 2095 417 2160; x_wconf 89' lang='lat' dir='ltr'><strong>blada</strong></span> <span class='ocrx_word' id='word_1_93' title='bbox 460 2096 498 2161; x_wconf 93' lang='lat' dir='ltr'><strong>in</strong></span> <span class='ocrx_word' id='word_1_94' title='bbox 533 2096 679 2184; x_wconf 86' lang='lat' dir='ltr'><strong>grangiis</strong></span> <span class='ocrx_word' id='word_1_95' title='bbox 716 2097 784 2162; x_wconf 89' lang='lat' dir='ltr'><strong>suis</strong></span> <span class='ocrx_word' id='word_1_96' title='bbox 821 2096 857 2161; x_wconf 91' lang='lat' dir='ltr'><strong>in</strong></span> <span class='ocrx_word' id='word_1_97' title='bbox 895 2098 1084 2182; x_wconf 84' lang='lat' dir='ltr'><strong>quantitate</strong></span> <span class='ocrx_word' id='word_1_98' title='bbox 1128 2120 1196 2163; x_wconf 92' lang='lat' dir='ltr'><strong>non</strong></span> <span class='ocrx_word' id='word_1_99' title='bbox 1239 2097 1369 2164; x_wconf 88' lang='lat' dir='ltr'><strong>modica</strong></span> 
     </span>
     <span class='ocr_line' id='line_1_14' title="bbox 321 2197 1368 2287; baseline 0.005 -26"><span class='ocrx_word' id='word_1_100' title='bbox 321 2197 519 2276; x_wconf 86' lang='lat' dir='ltr'><strong>obtinentes,</strong></span> <span class='ocrx_word' id='word_1_101' title='bbox 534 2219 573 2263; x_wconf 89' lang='lat' dir='ltr'><strong>ea</strong></span> <span class='ocrx_word' id='word_1_102' title='bbox 594 2197 642 2264; x_wconf 89' lang='lat' dir='ltr'><strong>sic</strong></span> <span class='ocrx_word' id='word_1_103' title='bbox 663 2197 818 2280; x_wconf 74' lang='lat' dir='ltr'><strong>retinent,</strong></span> <span class='ocrx_word' id='word_1_104' title='bbox 834 2201 868 2264; x_wconf 90' lang='lat' dir='ltr'><strong>at</strong></span> <span class='ocrx_word' id='word_1_105' title='bbox 882 2199 1069 2265; x_wconf 89' lang='lat' dir='ltr'><strong>venditioni</strong></span> <span class='ocrx_word' id='word_1_106' title='bbox 1083 2200 1191 2265; x_wconf 85' lang='lat' dir='ltr'><strong>adhuc</strong></span> <span class='ocrx_word' id='word_1_107' title='bbox 1206 2220 1368 2287; x_wconf 84' lang='lat' dir='ltr'><strong>exponere</strong></span> 
     </span>
     <span class='ocr_line' id='line_1_15' title="bbox 319 2299 1453 2385; baseline 0.004 -23"><span class='ocrx_word' id='word_1_108' title='bbox 319 2303 481 2376; x_wconf 88' lang='lat' dir='ltr'><strong>recusant,</strong></span> <span class='ocrx_word' id='word_1_109' title='bbox 503 2304 544 2364; x_wconf 90' lang='grc'><strong>11</strong></span> <span class='ocrx_word' id='word_1_110' title='bbox 565 2299 774 2384; x_wconf 88' lang='lat' dir='ltr'><strong>postmodum</strong></span> <span class='ocrx_word' id='word_1_111' title='bbox 797 2299 904 2364; x_wconf 89' lang='lat' dir='ltr'><strong>carius</strong></span> <span class='ocrx_word' id='word_1_112' title='bbox 926 2300 985 2368; x_wconf 86' lang='lat' dir='ltr'><strong>illa</strong></span> <span class='ocrx_word' id='word_1_113' title='bbox 1005 2301 1163 2380; x_wconf 85' lang='lat' dir='ltr'><strong>vendant,</strong></span> <span class='ocrx_word' id='word_1_114' title='bbox 1178 2301 1310 2368; x_wconf 78' lang='lat' dir='ltr'><strong>venelia</strong></span> <span class='ocrx_word' id='word_1_115' title='bbox 1332 2301 1369 2366; x_wconf 91' lang='lat' dir='ltr'><strong>in</strong></span> <span class='ocrx_word' id='word_1_116' title='bbox 1444 2375 1453 2385; x_wconf 49' lang='lat'>‚</span> 
     </span>
     <span class='ocr_line' id='line_1_16' title="bbox 193 2385 1368 2490; baseline 0.003 -26"><span class='ocrx_word' id='word_1_117' title='bbox 193 2385 198 2396; x_wconf 57' lang='lat'>⁵</span> <span class='ocrx_word' id='word_1_118' title='bbox 319 2398 408 2465; x_wconf 88' lang='lat' dir='ltr'><strong>dicto</strong></span> <span class='ocrx_word' id='word_1_119' title='bbox 430 2420 531 2486; x_wconf 82' lang='lat' dir='ltr'><strong>regno</strong></span> <span class='ocrx_word' id='word_1_120' title='bbox 553 2405 721 2486; x_wconf 76' lang='lat' dir='ltr'><strong>nequeant</strong></span> <span class='ocrx_word' id='word_1_121' title='bbox 749 2400 916 2482; x_wconf 89' lang='lat' dir='ltr'><strong>inveniri;</strong></span> <span class='ocrx_word' id='word_1_122' title='bbox 939 2405 1074 2488; x_wconf 89' lang='lat' dir='ltr'><strong>propter</strong></span> <span class='ocrx_word' id='word_1_123' title='bbox 1103 2423 1186 2488; x_wconf 72' lang='lat' dir='ltr'><strong>quae,</strong></span> <span class='ocrx_word' id='word_1_124' title='bbox 1208 2424 1368 2490; x_wconf 88' lang='lat' dir='ltr'><strong>pauperes</strong></span> 
     </span>
     <span class='ocr_line' id='line_1_17' title="bbox 321 2501 1369 2590; baseline 0.004 -24"><span class='ocrx_word' id='word_1_125' title='bbox 321 2505 357 2567; x_wconf 90' lang='lat' dir='ltr'><strong>et</strong></span> <span class='ocrx_word' id='word_1_126' title='bbox 381 2501 606 2567; x_wconf 87' lang='lat' dir='ltr'><strong>mendicantes</strong></span> <span class='ocrx_word' id='word_1_127' title='bbox 637 2501 680 2568; x_wconf 90' lang='lat' dir='ltr'><strong>de</strong></span> <span class='ocrx_word' id='word_1_128' title='bbox 712 2502 801 2568; x_wconf 84' lang='lat' dir='ltr'><strong>dicto</strong></span> <span class='ocrx_word' id='word_1_129' title='bbox 830 2524 940 2590; x_wconf 82' lang='lat' dir='ltr'><strong>regno,</strong></span> <span class='ocrx_word' id='word_1_130' title='bbox 977 2524 1046 2568; x_wconf 89' lang='lat' dir='ltr'><strong>non</strong></span> <span class='ocrx_word' id='word_1_131' title='bbox 1071 2504 1279 2570; x_wconf 86' lang='lat' dir='ltr'><strong>invenientes</strong></span> <span class='ocrx_word' id='word_1_132' title='bbox 1311 2503 1369 2590; x_wconf 92' lang='lat' dir='ltr'><strong>qui</strong></span> 
     </span>
     <span class='ocr_line' id='line_1_18' title="bbox 320 2602 1367 2690; baseline 0.005 -24"><span class='ocrx_word' id='word_1_133' title='bbox 320 2602 411 2688; x_wconf 87' lang='lat' dir='ltr'><strong>ipsis,</strong></span> <span class='ocrx_word' id='word_1_134' title='bbox 437 2607 572 2690; x_wconf 92' lang='lat' dir='ltr'><strong>propter</strong></span> <span class='ocrx_word' id='word_1_135' title='bbox 600 2603 792 2689; x_wconf 89' lang='lat' dir='ltr'><strong>hujusmodi</strong></span> <span class='ocrx_word' id='word_1_136' title='bbox 816 2603 911 2669; x_wconf 88' lang='lat' dir='ltr'><strong>bladi</strong></span> <span class='ocrx_word' id='word_1_137' title='bbox 933 2604 1114 2671; x_wconf 80' lang='lat' dir='ltr'><strong>carentiam</strong></span> <span class='ocrx_word' id='word_1_138' title='bbox 1138 2609 1173 2671; x_wconf 84' lang='lat' dir='ltr'><strong>et</strong></span> <span class='ocrx_word' id='word_1_139' title='bbox 1194 2603 1367 2685; x_wconf 87' lang='lat' dir='ltr'><strong>defectum,</strong></span> 
     </span>
     <span class='ocr_line' id='line_1_19' title="bbox 318 2703 1368 2793; baseline 0.004 -23"><span class='ocrx_word' id='word_1_140' title='bbox 318 2703 478 2770; x_wconf 88' lang='lat' dir='ltr'><strong>alimenta</strong></span> <span class='ocrx_word' id='word_1_141' title='bbox 510 2703 645 2770; x_wconf 79' lang='lat' dir='ltr'><strong>valeant</strong></span> <span class='ocrx_word' id='word_1_142' title='bbox 670 2705 867 2784; x_wconf 82' lang='lat' dir='ltr'><strong>ministrare,</strong></span> <span class='ocrx_word' id='word_1_143' title='bbox 890 2705 976 2772; x_wconf 88' lang='lat' dir='ltr'><strong>fame</strong></span> <span class='ocrx_word' id='word_1_144' title='bbox 1007 2713 1043 2772; x_wconf 91' lang='grc'><strong>11</strong></span> <span class='ocrx_word' id='word_1_145' title='bbox 1076 2707 1188 2774; x_wconf 89' lang='lat' dir='ltr'><strong>inedia</strong></span> <span class='ocrx_word' id='word_1_146' title='bbox 1218 2707 1368 2793; x_wconf 89' lang='lat' dir='ltr'><strong>quotidie</strong></span> 
     </span>
     <span class='ocr_line' id='line_1_20' title="bbox 319 2805 1366 2896; baseline 0.006 -27"><span class='ocrx_word' id='word_1_147' title='bbox 319 2807 515 2885; x_wconf 89' lang='lat' dir='ltr'><strong>moriuntur,</strong></span> <span class='ocrx_word' id='word_1_148' title='bbox 531 2807 620 2892; x_wconf 94' lang='lat' dir='ltr'><strong>quod</strong></span> <span class='ocrx_word' id='word_1_149' title='bbox 635 2805 739 2885; x_wconf 89' lang='lat' dir='ltr'><strong>vobis,</strong></span> <span class='ocrx_word' id='word_1_150' title='bbox 753 2807 840 2872; x_wconf 88' lang='lat' dir='ltr'><strong>sicut</strong></span> <span class='ocrx_word' id='word_1_151' title='bbox 862 2807 989 2874; x_wconf 71' lang='lat' dir='ltr'><strong>castaus</strong></span> <span class='ocrx_word' id='word_1_152' title='bbox 1011 2806 1052 2874; x_wconf 90' lang='lat' dir='ltr'><strong>de</strong></span> <span class='ocrx_word' id='word_1_153' title='bbox 1074 2829 1175 2896; x_wconf 84' lang='lat' dir='ltr'><strong>regno</strong></span> <span class='ocrx_word' id='word_1_154' title='bbox 1198 2809 1366 2896; x_wconf 82' lang='lat' dir='ltr'><strong>praedicto,</strong></span> 
     </span>
    </p>

    <p class='ocr_par' dir='ltr' id='par_1_4' title="bbox 225 2905 1487 4624">
     <span class='ocr_line' id='line_1_21' title="bbox 225 2905 1487 2995; baseline 0.005 -24"><span class='ocrx_word' id='word_1_155' title='bbox 225 2985 230 2994; x_wconf 26' lang='grc' dir='ltr'>ι</span> <span class='ocrx_word' id='word_1_156' title='bbox 318 2905 386 2972; x_wconf 85' lang='lat' dir='ltr'><strong>fore</strong></span> <span class='ocrx_word' id='word_1_157' title='bbox 423 2907 586 2973; x_wconf 89' lang='lat' dir='ltr'><strong>credimus</strong></span> <span class='ocrx_word' id='word_1_158' title='bbox 630 2907 711 2974; x_wconf 87' lang='lat' dir='ltr'><strong>satis</strong></span> <span class='ocrx_word' id='word_1_159' title='bbox 747 2913 875 2989; x_wconf 90' lang='lat' dir='ltr'><strong>notum,</strong></span> <span class='ocrx_word' id='word_1_160' title='bbox 914 2929 956 2974; x_wconf 85' lang='lat' dir='ltr'><strong>ex</strong></span> <span class='ocrx_word' id='word_1_161' title='bbox 993 2930 1059 2995; x_wconf 89' lang='lat' dir='ltr'><strong>quo</strong></span> <span class='ocrx_word' id='word_1_162' title='bbox 1095 2929 1164 2974; x_wconf 92' lang='lat' dir='ltr'><strong>non</strong></span> <span class='ocrx_word' id='word_1_163' title='bbox 1200 2910 1366 2976; x_wconf 88' lang='lat' dir='ltr'><strong>immerito</strong></span> <span class='ocrx_word' id='word_1_164' title='bbox 1427 2933 1433 2947; x_wconf 92' lang='lat'><strong>·</strong></span> <span class='ocrx_word' id='word_1_165' title='bbox 1482 2937 1487 2948; x_wconf 95' lang='lat'>·</span> 
     </span>
     <span class='ocr_line' id='line_1_22' title="bbox 318 3008 1367 3096; baseline 0.005 -23"><span class='ocrx_word' id='word_1_166' title='bbox 318 3010 533 3088; x_wconf 89' lang='lat' dir='ltr'><strong>condolemus,</strong></span> <span class='ocrx_word' id='word_1_167' title='bbox 566 3013 601 3076; x_wconf 89' lang='lat' dir='ltr'><strong>at</strong></span> <span class='ocrx_word' id='word_1_168' title='bbox 630 3008 851 3096; x_wconf 86' lang='lat' dir='ltr'><strong>compatimur</strong></span> <span class='ocrx_word' id='word_1_169' title='bbox 880 3009 917 3074; x_wconf 93' lang='lat' dir='ltr'><strong>in</strong></span> <span class='ocrx_word' id='word_1_170' title='bbox 947 3008 1076 3076; x_wconf 88' lang='lat' dir='ltr'><strong>intimis</strong></span> <span class='ocrx_word' id='word_1_171' title='bbox 1111 3011 1217 3077; x_wconf 90' lang='lat' dir='ltr'><strong>cordis</strong></span> <span class='ocrx_word' id='word_1_172' title='bbox 1249 3013 1367 3078; x_wconf 87' lang='lat' dir='ltr'><strong>nostri.</strong></span> 
     </span>
     <span class='ocr_line' id='line_1_23' title="bbox 319 3109 1366 3200; baseline 0.004 -25"><span class='ocrx_word' id='word_1_173' title='bbox 319 3110 402 3190; x_wconf 78' lang='lat' dir='ltr'><strong>Quis</strong></span> <span class='ocrx_word' id='word_1_174' title='bbox 424 3111 536 3198; x_wconf 90' lang='lat' dir='ltr'><strong>itaque</strong></span> <span class='ocrx_word' id='word_1_175' title='bbox 558 3111 622 3198; x_wconf 78' lang='lat' dir='ltr'><strong>piae</strong></span> <span class='ocrx_word' id='word_1_176' title='bbox 644 3110 766 3176; x_wconf 90' lang='lat' dir='ltr'><strong>mentis</strong></span> <span class='ocrx_word' id='word_1_177' title='bbox 795 3109 1002 3178; x_wconf 81' lang='lat' dir='ltr'><strong>fertilitatem</strong></span> <span class='ocrx_word' id='word_1_178' title='bbox 1024 3112 1187 3199; x_wconf 77' lang='lat' dir='ltr'><strong>praeteriti</strong></span> <span class='ocrx_word' id='word_1_179' title='bbox 1209 3115 1366 3200; x_wconf 86' lang='lat' dir='ltr'><strong>temporis</strong></span> 
     </span>
     <span class='ocr_line' id='line_1_24' title="bbox 318 3211 1366 3301; baseline 0.002 -23"><span class='ocrx_word' id='word_1_180' title='bbox 318 3211 518 3292; x_wconf 89' lang='lat' dir='ltr'><strong>affluentem,</strong></span> <span class='ocrx_word' id='word_1_181' title='bbox 556 3212 814 3298; x_wconf 83' lang='lat' dir='ltr'><strong>modernamque</strong></span> <span class='ocrx_word' id='word_1_182' title='bbox 846 3212 1022 3293; x_wconf 88' lang='lat' dir='ltr'><strong>caristiam,</strong></span> <span class='ocrx_word' id='word_1_183' title='bbox 1045 3218 1080 3278; x_wconf 90' lang='lat' dir='ltr'><strong>et</strong></span> <span class='ocrx_word' id='word_1_184' title='bbox 1115 3213 1262 3301; x_wconf 89' lang='lat' dir='ltr'><strong>inopiam</strong></span> <span class='ocrx_word' id='word_1_185' title='bbox 1296 3216 1366 3280; x_wconf 86' lang='lat' dir='ltr'><strong>tani</strong></span> 
     </span>
     <span class='ocr_line' id='line_1_25' title="bbox 319 3313 1367 3401; baseline 0.004 -23"><span class='ocrx_word' id='word_1_186' title='bbox 319 3319 501 3401; x_wconf 82' lang='lat' dir='ltr'><strong>urgentem,</strong></span> <span class='ocrx_word' id='word_1_187' title='bbox 523 3317 611 3380; x_wconf 88' lang='lat' dir='ltr'><strong>recta</strong></span> <span class='ocrx_word' id='word_1_188' title='bbox 642 3313 851 3380; x_wconf 79' lang='lat' dir='ltr'><strong>considerans</strong></span> <span class='ocrx_word' id='word_1_189' title='bbox 882 3318 918 3380; x_wconf 90' lang='grc'><strong>11</strong></span> <span class='ocrx_word' id='word_1_190' title='bbox 944 3315 1156 3401; x_wconf 84' lang='lat' dir='ltr'><strong>perpendens,</strong></span> <span class='ocrx_word' id='word_1_191' title='bbox 1179 3316 1216 3380; x_wconf 94' lang='lat' dir='ltr'><strong>in</strong></span> <span class='ocrx_word' id='word_1_192' title='bbox 1238 3317 1367 3384; x_wconf 90' lang='lat' dir='ltr'><strong>intimis</strong></span> 
     </span>
     <span class='ocr_line' id='line_1_26' title="bbox 323 3415 1368 3504; baseline 0.002 -22"><span class='ocrx_word' id='word_1_193' title='bbox 323 3438 392 3482; x_wconf 91' lang='lat' dir='ltr'><strong>non</strong></span> <span class='ocrx_word' id='word_1_194' title='bbox 426 3415 621 3504; x_wconf 86' lang='lat' dir='ltr'><strong>ingemiscit,</strong></span> <span class='ocrx_word' id='word_1_195' title='bbox 658 3415 810 3501; x_wconf 85' lang='lat' dir='ltr'><strong>proximo</strong></span> <span class='ocrx_word' id='word_1_196' title='bbox 848 3435 908 3480; x_wconf 90' lang='lat' dir='ltr'><strong>suo</strong></span> <span class='ocrx_word' id='word_1_197' title='bbox 944 3437 1013 3481; x_wconf 92' lang='lat' dir='ltr'><strong>non</strong></span> <span class='ocrx_word' id='word_1_198' title='bbox 1042 3416 1249 3502; x_wconf 86' lang='lat' dir='ltr'><strong>compatitur,</strong></span> <span class='ocrx_word' id='word_1_199' title='bbox 1280 3417 1368 3484; x_wconf 79' lang='lat' dir='ltr'><strong>fame</strong></span> 
     </span>
     <span class='ocr_line' id='line_1_27' title="bbox 320 3515 1366 3605; baseline 0 -21"><span class='ocrx_word' id='word_1_200' title='bbox 320 3523 355 3584; x_wconf 88' lang='lat' dir='ltr'><strong>ct</strong></span> <span class='ocrx_word' id='word_1_201' title='bbox 368 3518 482 3584; x_wconf 84' lang='lat' dir='ltr'><strong>inedia</strong></span> <span class='ocrx_word' id='word_1_202' title='bbox 502 3515 679 3604; x_wconf 85' lang='lat' dir='ltr'><strong>pereunti?</strong></span> <span class='ocrx_word' id='word_1_203' title='bbox 723 3515 903 3603; x_wconf 78' lang='lat' dir='ltr'><strong>Cupientes</strong></span> <span class='ocrx_word' id='word_1_204' title='bbox 925 3516 1030 3604; x_wconf 87' lang='lat' dir='ltr'><strong>igitur</strong></span> <span class='ocrx_word' id='word_1_205' title='bbox 1051 3517 1229 3584; x_wconf 87' lang='lat' dir='ltr'><strong>salvationi</strong></span> <span class='ocrx_word' id='word_1_206' title='bbox 1252 3519 1366 3605; x_wconf 87' lang='lat' dir='ltr'><strong>populi</strong></span> 
     </span>
     <span class='ocr_line' id='line_1_28' title="bbox 318 3617 1367 3706; baseline 0.002 -21"><span class='ocrx_word' id='word_1_207' title='bbox 318 3619 425 3687; x_wconf 86' lang='lat' dir='ltr'><strong>nostri</strong></span> <span class='ocrx_word' id='word_1_208' title='bbox 450 3619 632 3706; x_wconf 85' lang='lat' dir='ltr'><strong>providere,</strong></span> <span class='ocrx_word' id='word_1_209' title='bbox 664 3617 729 3684; x_wconf 88' lang='lat' dir='ltr'><strong>viis</strong></span> <span class='ocrx_word' id='word_1_210' title='bbox 760 3621 795 3682; x_wconf 91' lang='lat' dir='ltr'><strong>et</strong></span> <span class='ocrx_word' id='word_1_211' title='bbox 826 3617 932 3684; x_wconf 87' lang='lat' dir='ltr'><strong>modis</strong></span> <span class='ocrx_word' id='word_1_212' title='bbox 963 3617 1084 3704; x_wconf 89' lang='lat' dir='ltr'><strong>quibus</strong></span> <span class='ocrx_word' id='word_1_213' title='bbox 1116 3619 1305 3706; x_wconf 82' lang='lat' dir='ltr'><strong>poterimus,</strong></span> <span class='ocrx_word' id='word_1_214' title='bbox 1327 3624 1367 3687; x_wconf 88' lang='lat' dir='ltr'><strong>ut</strong></span> 
     </span>
     <span class='ocr_line' id='line_1_29' title="bbox 318 3718 1367 3807; baseline 0.004 -19"><span class='ocrx_word' id='word_1_215' title='bbox 318 3725 478 3798; x_wconf 84' lang='lat' dir='ltr'><strong>tenemur,</strong></span> <span class='ocrx_word' id='word_1_216' title='bbox 501 3724 647 3788; x_wconf 81' lang='lat' dir='ltr'><strong>vestram</strong></span> <span class='ocrx_word' id='word_1_217' title='bbox 670 3718 880 3786; x_wconf 90' lang='lat' dir='ltr'><strong>devotionem</strong></span> <span class='ocrx_word' id='word_1_218' title='bbox 899 3719 1086 3801; x_wconf 75' lang='lat' dir='ltr'><strong>¹affectuose</strong></span> <span class='ocrx_word' id='word_1_219' title='bbox 1114 3721 1311 3807; x_wconf 84' lang='lat' dir='ltr'><strong>requirimus</strong></span> <span class='ocrx_word' id='word_1_220' title='bbox 1332 3727 1367 3792; x_wconf 84' lang='grc'><strong>11</strong></span> 
     </span>
     <span class='ocr_line' id='line_1_30' title="bbox 319 3821 1366 3909; baseline 0.004 -21"><span class='ocrx_word' id='word_1_221' title='bbox 319 3843 482 3909; x_wconf 86' lang='lat' dir='ltr'><strong>rogamus,</strong></span> <span class='ocrx_word' id='word_1_222' title='bbox 503 3827 674 3908; x_wconf 87' lang='lat' dir='ltr'><strong>quatenus,</strong></span> <span class='ocrx_word' id='word_1_223' title='bbox 693 3825 768 3888; x_wconf 83' lang='lat' dir='ltr'><strong>taur</strong></span> <span class='ocrx_word' id='word_1_224' title='bbox 798 3821 921 3888; x_wconf 89' lang='lat' dir='ltr'><strong>clerum</strong></span> <span class='ocrx_word' id='word_1_225' title='bbox 944 3842 1043 3907; x_wconf 89' lang='lat' dir='ltr'><strong>quam</strong></span> <span class='ocrx_word' id='word_1_226' title='bbox 1065 3823 1225 3908; x_wconf 89' lang='lat' dir='ltr'><strong>populum</strong></span> <span class='ocrx_word' id='word_1_227' title='bbox 1246 3828 1366 3893; x_wconf 74' lang='lat' dir='ltr'><strong>vestrae</strong></span> 
     </span>
     <span class='ocr_line' id='line_1_31' title="bbox 318 3922 1366 4013; baseline -0.002 -21"><span class='ocrx_word' id='word_1_228' title='bbox 318 3923 465 3992; x_wconf 87' lang='lat' dir='ltr'><strong>civitatis</strong></span> <span class='ocrx_word' id='word_1_229' title='bbox 479 3929 518 3990; x_wconf 90' lang='lat' dir='ltr'><strong>et</strong></span> <span class='ocrx_word' id='word_1_230' title='bbox 527 3923 685 4002; x_wconf 85' lang='lat' dir='ltr'><strong>dioecesis,</strong></span> <span class='ocrx_word' id='word_1_231' title='bbox 700 3922 783 4002; x_wconf 90' lang='lat' dir='ltr'><strong>illos,</strong></span> <span class='ocrx_word' id='word_1_232' title='bbox 798 3923 961 4002; x_wconf 87' lang='lat' dir='ltr'><strong>videlicet,</strong></span> <span class='ocrx_word' id='word_1_233' title='bbox 976 3924 1035 4009; x_wconf 90' lang='lat' dir='ltr'><strong>qui</strong></span> <span class='ocrx_word' id='word_1_234' title='bbox 1057 3924 1156 3992; x_wconf 87' lang='lat' dir='ltr'><strong>blada</strong></span> <span class='ocrx_word' id='word_1_235' title='bbox 1169 3925 1206 3990; x_wconf 92' lang='lat' dir='ltr'><strong>in</strong></span> <span class='ocrx_word' id='word_1_236' title='bbox 1220 3926 1366 4013; x_wconf 79' lang='lat' dir='ltr'><strong>grangiis</strong></span> 
     </span>
     <span class='ocr_line' id='line_1_32' title="bbox 319 4023 1366 4113; baseline 0.002 -21"><span class='ocrx_word' id='word_1_237' title='bbox 319 4047 377 4092; x_wconf 91' lang='lat' dir='ltr'><strong>seu</strong></span> <span class='ocrx_word' id='word_1_238' title='bbox 398 4026 560 4113; x_wconf 61' lang='grc'><strong>1111111111</strong></span> <span class='ocrx_word' id='word_1_239' title='bbox 581 4025 690 4094; x_wconf 85' lang='lat' dir='ltr'><strong>adhuc</strong></span> <span class='ocrx_word' id='word_1_240' title='bbox 708 4025 844 4104; x_wconf 84' lang='lat' dir='ltr'><strong>habent,</strong></span> <span class='ocrx_word' id='word_1_241' title='bbox 860 4024 970 4091; x_wconf 91' lang='lat' dir='ltr'><strong>verbis</strong></span> <span class='ocrx_word' id='word_1_242' title='bbox 992 4023 1174 4092; x_wconf 86' lang='lat' dir='ltr'><strong>efficacibus</strong></span> <span class='ocrx_word' id='word_1_243' title='bbox 1195 4027 1366 4106; x_wconf 86' lang='lat' dir='ltr'><strong>moneatis,</strong></span> 
     </span>
     <span class='ocr_line' id='line_1_33' title="bbox 319 4126 1367 4216; baseline -0.001 -21"><span class='ocrx_word' id='word_1_244' title='bbox 319 4129 457 4216; x_wconf 84' lang='lat' dir='ltr'><strong>aliisque</strong></span> <span class='ocrx_word' id='word_1_245' title='bbox 479 4129 544 4195; x_wconf 89' lang='lat' dir='ltr'><strong>viis</strong></span> <span class='ocrx_word' id='word_1_246' title='bbox 577 4134 611 4194; x_wconf 90' lang='lat' dir='ltr'><strong>et</strong></span> <span class='ocrx_word' id='word_1_247' title='bbox 633 4128 739 4194; x_wconf 89' lang='lat' dir='ltr'><strong>modis</strong></span> <span class='ocrx_word' id='word_1_248' title='bbox 761 4126 881 4214; x_wconf 90' lang='lat' dir='ltr'><strong>quibus</strong></span> <span class='ocrx_word' id='word_1_249' title='bbox 911 4126 1066 4214; x_wconf 84' lang='lat' dir='ltr'><strong>expedire</strong></span> <span class='ocrx_word' id='word_1_250' title='bbox 1088 4127 1239 4194; x_wconf 86' lang='lat' dir='ltr'><strong>videritis</strong></span> <span class='ocrx_word' id='word_1_251' title='bbox 1269 4127 1367 4196; x_wconf 88' lang='lat' dir='ltr'><strong>indu·</strong></span> 
     </span>
     <span class='ocr_line' id='line_1_34' title="bbox 319 4227 1365 4317; baseline -0.002 -17"><span class='ocrx_word' id='word_1_252' title='bbox 319 4233 413 4310; x_wconf 83' lang='lat' dir='ltr'><strong>catis,</strong></span> <span class='ocrx_word' id='word_1_253' title='bbox 445 4231 533 4316; x_wconf 89' lang='lat' dir='ltr'><strong>quod</strong></span> <span class='ocrx_word' id='word_1_254' title='bbox 562 4229 662 4298; x_wconf 83' lang='lat' dir='ltr'><strong>blada</strong></span> <span class='ocrx_word' id='word_1_255' title='bbox 683 4251 758 4317; x_wconf 84' lang='lat' dir='ltr'><strong>quae</strong></span> <span class='ocrx_word' id='word_1_256' title='bbox 780 4227 912 4307; x_wconf 89' lang='lat' dir='ltr'><strong>habent,</strong></span> <span class='ocrx_word' id='word_1_257' title='bbox 946 4229 1187 4296; x_wconf 83' lang='lat' dir='ltr'><strong>sustentatione</strong></span> <span class='ocrx_word' id='word_1_258' title='bbox 1220 4231 1365 4298; x_wconf 82' lang='lat' dir='ltr'><strong>ratione·</strong></span> 
     </span>
     <span class='ocr_line' id='line_1_35' title="bbox 319 4331 1364 4420; baseline -0.001 -21"><span class='ocrx_word' id='word_1_259' title='bbox 319 4333 387 4412; x_wconf 90' lang='lat' dir='ltr'><strong>bili,</strong></span> <span class='ocrx_word' id='word_1_260' title='bbox 420 4353 480 4420; x_wconf 89' lang='lat' dir='ltr'><strong>pro</strong></span> <span class='ocrx_word' id='word_1_261' title='bbox 501 4355 537 4400; x_wconf 86' lang='lat' dir='ltr'><strong>so</strong></span> <span class='ocrx_word' id='word_1_262' title='bbox 568 4337 604 4399; x_wconf 90' lang='grc'><strong>11</strong></span> <span class='ocrx_word' id='word_1_263' title='bbox 624 4331 749 4398; x_wconf 85' lang='lat' dir='ltr'><strong>familia</strong></span> <span class='ocrx_word' id='word_1_264' title='bbox 770 4352 839 4410; x_wconf 85' lang='grc'><strong>111,</strong></span> <span class='ocrx_word' id='word_1_265' title='bbox 860 4352 964 4417; x_wconf 88' lang='lat' dir='ltr'><strong>usque</strong></span> <span class='ocrx_word' id='word_1_266' title='bbox 985 4333 1029 4397; x_wconf 91' lang='lat' dir='ltr'><strong>ad</strong></span> <span class='ocrx_word' id='word_1_267' title='bbox 1062 4337 1192 4419; x_wconf 90' lang='lat' dir='ltr'><strong>tempus</strong></span> <span class='ocrx_word' id='word_1_268' title='bbox 1213 4333 1364 4400; x_wconf 88' lang='lat' dir='ltr'><strong>autumni</strong></span> 
     </span>
     <span class='ocr_line' id='line_1_36' title="bbox 319 4433 1436 4520; baseline 0 -18"><span class='ocrx_word' id='word_1_269' title='bbox 319 4435 549 4502; x_wconf 87' lang='lat' dir='ltr'><strong>tantummodo</strong></span> <span class='ocrx_word' id='word_1_270' title='bbox 571 4439 708 4513; x_wconf 71' lang='lat' dir='ltr'><strong>retenta</strong></span> <span class='ocrx_word' id='word_1_271' title='bbox 723 4433 907 4502; x_wconf 85' lang='lat' dir='ltr'><strong>venditioni</strong></span> <span class='ocrx_word' id='word_1_272' title='bbox 923 4453 1084 4520; x_wconf 86' lang='lat' dir='ltr'><strong>exponere</strong></span> <span class='ocrx_word' id='word_1_273' title='bbox 1100 4455 1167 4503; x_wconf 92' lang='lat' dir='ltr'><strong>uon</strong></span> <span class='ocrx_word' id='word_1_274' title='bbox 1182 4434 1365 4514; x_wconf 81' lang='lat' dir='ltr'><strong>desistant3</strong></span> <span class='ocrx_word' id='word_1_275' title='bbox 1431 4440 1436 4448; x_wconf 90' lang='lat'>&#39;</span> 
     </span>
     <span class='ocr_line' id='line_1_37' title="bbox 320 4535 1367 4624; baseline 0 -22"><span class='ocrx_word' id='word_1_276' title='bbox 320 4559 362 4602; x_wconf 91' lang='lat' dir='ltr'><strong>ue</strong></span> <span class='ocrx_word' id='word_1_277' title='bbox 398 4557 497 4604; x_wconf 85' lang='lat' dir='ltr'><strong>cauea</strong></span> <span class='ocrx_word' id='word_1_278' title='bbox 530 4536 616 4602; x_wconf 87' lang='lat' dir='ltr'><strong>tenti</strong></span> <span class='ocrx_word' id='word_1_279' title='bbox 650 4535 806 4601; x_wconf 87' lang='lat' dir='ltr'><strong>interitus</strong></span> <span class='ocrx_word' id='word_1_280' title='bbox 837 4557 895 4602; x_wconf 90' lang='lat' dir='ltr'><strong>seu</strong></span> <span class='ocrx_word' id='word_1_281' title='bbox 937 4535 1149 4603; x_wconf 80' lang='lat' dir='ltr'><strong>mortalitatis</strong></span> <span class='ocrx_word' id='word_1_282' title='bbox 1179 4537 1216 4602; x_wconf 93' lang='lat' dir='ltr'><strong>in</strong></span> <span class='ocrx_word' id='word_1_283' title='bbox 1247 4537 1367 4624; x_wconf 91' lang='lat' dir='ltr'><strong>populo</strong></span> 
     </span>
    </p>
   </div>
   <div class='ocr_carea' id='block_1_4' title="bbox 320 4637 1364 4726">
    <p class='ocr_par' dir='ltr' id='par_1_5' title="bbox 320 4637 1364 4726">
     <span class='ocr_line' id='line_1_38' title="bbox 320 4637 1364 4726; baseline 0.003 -23"><span class='ocrx_word' id='word_1_284' title='bbox 320 4640 400 4726; x_wconf 88' lang='lat' dir='ltr'><strong>ipsis</strong></span> <span class='ocrx_word' id='word_1_285' title='bbox 444 4639 543 4708; x_wconf 86' lang='lat' dir='ltr'><strong>blada</strong></span> <span class='ocrx_word' id='word_1_286' title='bbox 576 4637 783 4726; x_wconf 81' lang='lat' dir='ltr'><strong>habentibus,</strong></span> <span class='ocrx_word' id='word_1_287' title='bbox 819 4643 854 4704; x_wconf 89' lang='lat' dir='ltr'><strong>ct</strong></span> <span class='ocrx_word' id='word_1_288' title='bbox 890 4659 929 4704; x_wconf 81' lang='lat' dir='ltr'><strong>aa</strong></span> <span class='ocrx_word' id='word_1_289' title='bbox 966 4638 1107 4706; x_wconf 88' lang='lat' dir='ltr'><strong>vendere</strong></span> <span class='ocrx_word' id='word_1_290' title='bbox 1129 4639 1364 4722; x_wconf 81' lang='lat' dir='ltr'><strong>recusantibus,</strong></span> 
     </span>
    </p>
   </div>
   <div class='ocr_carea' id='block_1_5' title="bbox 0 0 1774 5712">
    <p class='ocr_par' dir='ltr' id='par_1_6' title="bbox 0 0 1774 5712">
     <span class='ocr_line' id='line_1_39' title="bbox 0 0 1774 5712; baseline 0 0"><span class='ocrx_word' id='word_1_291' title='bbox 0 0 1774 5712; x_wconf 95' lang='lat' dir='ltr'><strong> </strong></span> 
     </span>
    </p>
   </div>
  </div>
 </body>
</html>
