3354 5702
431 810 517 875 1310
607 821 805 873 nuorsrnuu
828 817 1031 872 ramumuu
1053 820 1296 872 nuuunuuusn

277 1021 399 1068 annuc
428 1011 551 1076 dictam
580 1015 711 1088 terram,
735 1009 820 1075 sicut
845 1010 944 1094 jacet,
965 1007 1141 1085 includere,
1164 1009 1328 1086 infossare,
1351 1007 1596 1093 impar-nina

277 1117 280 1122 ’
427 1133 509 1194 care,
524 1116 558 1177 ct
580 1111 617 1176 in
639 1111 801 1176 culturam
823 1111 1030 1197 redigerc,[et
1051 1111 1213 1176 adificare
1236 1111 1272 1174 in
1293 1107 1417 1188 eadem,
1439 1114 1472 1173 et

427 1213 632 1280 voluntatem
656 1233 748 1278 suam
770 1212 849 1276 inda
870 1212 996 1293 facers;
1019 1213 1186 1277 reddendo
1201 1212 1278 1276 iude
1300 1210 1471 1276 annuatim

425 1315 520 1380 nobis
542 1320 577 1380 ct
599 1314 835 1382 successoribus
864 1306 1061 1391 nostriani
1093 1314 1290 1380 scaccarium
1320 1316 1468 1378 nostrum

426 1416 655 1495 Dunolmcnse,
691 1416 856 1482 sexdecim
893 1415 1043 1482 denarios
1079 1421 1221 1493 tantum,
1251 1415 1295 1480 ad
1333 1419 1472 1500 quatuor

425 1519 505 1585 anni
537 1519 695 1585 terminos
728 1519 765 1582 in
802 1518 991 1604 episcopatu
1027 1521 1140 1583 nostro
1176 1517 1383 1594 constitutos
1413 1538 1471 1604 pro

425 1620 578 1712 omnibus
611 1621 685 1685 aliis
718 1611 871 1700 seruitiis,
909 1619 1210 1702 consuetudinibus,
1246 1617 1470 1684 exactionibus

425 1727 460 1788 ct
479 1722 656 1788 domandis.
703 1722 748 1786 Et
761 1743 830 1800 nos,
853 1721 1021 1802 Ritardus,
1038 1722 1206 1808 episcopus
1228 1719 1467 1800 Dunolmensis,

425 1828 461 1892 et
483 1845 678 1891 successores
710 1824 824 1901 nostri,
847 1823 1137 1890 warantizabimus
1160 1823 1249 1888 dicto
1281 1823 1409 1910 Rogero
1431 1823 1471 1888 de

427 1927 538 2008 Esshe,
550 1925 735 1992 haeredibus
750 1930 785 1991 ct
804 1925 981 2012 assignatis
996 1927 1072 2005 suis,
1087 1927 1197 1990 omnia
1211 1925 1371 2012 praedicta
1383 1931 1472 1990 teuc·

425 2034 539 2095 menta
569 2034 683 2095 contra
705 2049 817 2094 omnes
846 2032 960 2115 gentes
989 2029 1027 2092 in
1059 2033 1263 2116 perpetuum.
1311 2029 1472 2094 Pistor-ee

424 2132 632 2198 concedimus
663 2151 721 2216 pro
752 2130 856 2208 nobis,
880 2133 915 2195 et
946 2131 1184 2198 successoribus
1206 2131 1337 2210 nostris,
1361 2131 1464 2196 eidem

426 2233 562 2321 Regem,
578 2237 612 2298 ct
633 2232 819 2299 haeredibus
842 2233 917 2311 suis,
934 2237 969 2298 et
991 2233 1182 2298 tenentibus
1203 2233 1328 2299 dictum
1345 2237 1465 2298 terrum

424 2333 696 2412 inhabitantibus,
723 2334 860 2400 liberam
890 2355 1097 2400 communem
1119 2339 1267 2421 pasturas
1282 2334 1319 2398 in
1349 2333 1468 2399 foresta

425 2443 556 2518 nostra3
578 2435 627 2502 ita
657 2441 770 2502 tamen
804 2435 891 2520 quod
924 2441 1162 2523 appruamenta
1183 2440 1297 2502 nostra
1318 2455 1386 2501 non
1407 2435 1468 2500 im-

426 2540 570 2626 pediant
616 2538 658 2602 In
680 2537 771 2622 cujus
801 2535 849 2602 rai
879 2537 1116 2616 testimonium,
1137 2537 1215 2602 huic
1237 2537 1360 2624 scripto
1382 2537 1470 2624 sigil-

426 2642 496 2706 lum
527 2642 676 2706 nostrum
709 2642 759 2704 est
791 2659 978 2724 appensum.
1036 2639 1113 2703 Hiis
1144 2639 1294 2718 testibus,
1319 2639 1470 2715 dominis,

428 2743 571 2808 Ricardo
602 2739 815 2817 Marmeduk',
838 2739 985 2806 Waltero
1008 2740 1050 2806 de
1072 2739 1304 2828 Wessington',
1329 2740 1473 2808 Jordano

428 2844 469 2910 de
492 2841 639 2924 Dalden',
663 2840 833 2907 militibus.

741 3009 837 3090 Quod
860 3010 914 3074 die
932 3008 1046 3077 Sancti
1063 3009 1204 3090 Paulini,
1221 3011 1377 3099 Episcopi
1391 3013 1474 3078 circa

621 3105 661 3126 '—
695 3111 839 3176 mediam
869 3117 1006 3194 noctem,
1030 3112 1114 3178 obiit
1140 3114 1302 3180 Ricardus
1329 3115 1369 3180 dc
1396 3114 1472 3180 Kel-

312 3188 399 3328 0p0s⁰
428 3211 519 3290 lawe,
542 3212 711 3299 episcopus
733 3213 975 3291 Duuolmensis,
997 3235 1085 3280 anno
1099 3215 1234 3280 Domini
1255 3213 1382 3282 M⁰.cco⁰.
1404 3237 1475 3281 sex·
1560 3305 1562 3310 Δ
1633 3291 1634 3312 ¹

283 3326 372 3371 urum
428 3313 600 3392 todecimo,
623 3319 657 3379 ct
672 3315 924 3384 consecrationis
945 3337 1013 3382 suae
1035 3321 1138 3396 sexto,
1156 3317 1247 3403 apud
1269 3311 1470 3384 Middelham
1633 3317 1634 3328 ’

428 3416 466 3480 iu
488 3415 608 3482 minori
629 3437 764 3484 camera.
1245 3425 1250 3435 '

260 3553 399 3662 ,ffiffi
431 3588 729 3652 eeneoruafinnisinter
805 3579 909 3647 ¹Haec
931 3586 981 3646 est
1002 3581 1112 3647 finalis
1133 3583 1317 3662 concordia,
1331 3583 1418 3650 facta
1434 3582 1470 3648 in

261 3667 361 3761 offla
430 3656 728 3786 ffiffimmffi
761 3683 853 3748 curia
873 3682 998 3748 domini
1020 3684 1107 3770 regis
1128 3686 1218 3772 apud
1233 3685 1467 3765 Eboracum

263 3767 398 3861 moa
430 3788 630 3838 Dunomemem
674 3788 728 3852 epi·
760 3784 813 3849 die
828 3783 961 3850 Sanctae
976 3783 1149 3851 Trinitatis
1171 3786 1207 3850 in
1222 3809 1276 3852 xv.
1293 3788 1370 3864 dies
1386 3809 1471 3853 anno

262 3867 413 4010 {fflssw'
430 3856 726 3985 'ssuffssse{⁶0u⁰,{⁰{¹}¹,¹f
759 3885 852 3971 regui
864 3886 948 3972 regis
959 3885 1106 3965 Raurici,
1118 3886 1269 3974 fiiiiregis
1281 3887 1471 3976 [Johannis]

262 3967 378 4068 nurufltssf
429 3987 726 4050 tinentiainnuevoaa
758 3987 824 4073 xij,
849 4008 957 4054 coram
987 3987 1141 4055 Johaunc
1163 3989 1262 4054 Alleu
1285 3989 1326 4054 de
1356 3991 1467 4078 Burgo

223 4105 228 4114 “
260 4067 398 4168 &misi
429 4087 544 4154 Sancti
575 4087 675 4168 Petri,
698 4089 824 4176 Rogero
857 4090 897 4155 de
928 4089 1126 4176 Thorkelby,
1157 4090 1257 4157 Petro
1288 4091 1329 4158 dc
1361 4092 1473 4179 Percy,

261 4171 384 4268 issflffin
428 4187 591 4278 Nioholao
613 4191 653 4255 de
676 4191 818 4270 Haudlo,
841 4196 876 4258 et
890 4191 1042 4258 Johanus
1064 4192 1106 4258 dc
1121 4193 1265 4279 Wyvill’,
1283 4194 1475 4281 justiciariis

261 4267 376 4314 mm·
427 4291 673 4375 itinerantibus,
696 4299 729 4360 et
759 4294 832 4358 aliis
859 4293 985 4358 domini
1007 4294 1093 4382 regis
1122 4294 1283 4376 fidelibus,
1313 4301 1394 4363 tuuc
1427 4295 1476 4360 ibi

428 4395 653 4482 praesentibus,
691 4395 779 4460 inter
816 4395 968 4462 Emmam
999 4395 1197 4477 Wastehose,
1235 4401 1410 4484 petentem,
1441 4401 1476 4463 st
1503 4449 1504 4454 1

363 4641 367 4652 '
462 4634 470 4666 ¹
487 4635 550 4684 This
562 4633 838 4684 iustrumcnthcsbeen
847 4636 929 4685 added
977 4635 1169 4686 Memoraudum
1179 4637 1475 4704 ofthcdeatbofbishop

428 4711 455 4762 in
466 4728 482 4764 a
492 4714 628 4765 somowhat
639 4715 702 4764 later
718 4714 794 4777 hand,
805 4712 870 4766 after
880 4713 923 4766 tho
976 4713 1087 4766 Richard
1098 4716 1129 4765 de
1140 4715 1262 4768 Kellawe.
