3562 5714
496 825 697 902 aaarsrauu
719 825 921 878 ransrmun
943 828 1184 880 numennumen
1299 815 1364 889 957

147 1011 493 1095 anastasianam
515 1036 582 1094 nos,
614 1017 760 1082 volentes
792 1017 863 1101 ejus
897 1018 1128 1104 supplicationi
1164 1016 1363 1104 hujusmodi,
1395 1033 1517 1078 annau.

316 1115 500 1182 rationibus
522 1118 669 1204 superius
692 1119 861 1205 expressis,
876 1120 1142 1197 condescendere,
1164 1125 1203 1185 ut
1225 1125 1275 1186 est
1292 1119 1366 1206 jus·

315 1221 397 1294 tum,
420 1218 515 1284 vobis
537 1219 739 1298 mandamus,
762 1221 850 1306 quod
873 1223 1057 1308 captionem
1080 1222 1257 1288 assisarum
1278 1218 1364 1308 praess

317 1319 478 1386 dictarum
500 1342 602 1407 usque
625 1327 700 1408 post
721 1322 975 1408 parliamentum
997 1329 1147 1390 nostrum
1170 1324 1365 1411 praedictum

316 1419 449 1486 finitum
471 1423 672 1508 supersederi
694 1423 831 1494 faciatis.
891 1425 937 1489 Et
968 1425 1029 1491 hoc
1058 1427 1246 1492 nullatenus
1269 1425 1366 1490 omit-

314 1523 401 1588 tatis.
447 1522 543 1589 Teste
577 1525 710 1612 meipso,
743 1527 832 1612 apud
863 1524 1201 1607 westmonasterium,
1225 1523 1284 1611 vj⁰.
1308 1525 1362 1592 dic

312 1621 523 1710 Septembris,
547 1647 635 1693 anno
657 1627 752 1714 regni
774 1628 878 1693 nostri
901 1629 1049 1715 septimo

313 1817 396 1869 Breve
406 1818 500 1869 domini
515 1819 588 1887 regis,
666 1805 858 1884 Edwardus,
892 1806 955 1871 Dei
986 1808 1102 1893 gratia,
1125 1829 1186 1872 rex
1221 1805 1362 1893 Angliaa
1378 1813 1509 1866 Thetina's

315 1892 403 1934 contra
443 1885 588 1937 Johannem
1377 1866 1528 1918 mmm

314 1949 437 2000 vicarium
476 1952 588 2003 ecelesia
622 1909 773 1975 dominus
796 1906 977 1986 Hiberniae,
1000 1914 1034 1973 et
1063 1909 1133 1972 dux
1163 1907 1364 1992 Aquitaniae,
1377 1915 1519 2008 iplgpvioer

315 2017 512 2068 semaam.
622 2009 803 2076 venemur
840 2008 877 2074 in
914 2009 1044 2074 ceraso
1082 2010 1179 2096 patri,
1215 2009 1364 2086 samso,
1377 1978 1525 2118 {parphglffi

314 2109 426 2175 eadem
448 2113 564 2196 gratia,
595 2113 743 2199 episcopo
773 2111 999 2187 Dunolmensi,
1021 2111 1167 2176 salutem.
1227 2111 1364 2176 Manda-

231 2221 240 2236 '
315 2231 388 2276 mus
410 2213 513 2294 vobis,
535 2214 621 2280 sicut
643 2212 724 2278 alias
746 2212 841 2276 vobis
864 2212 1102 2289 mandavimus,
1133 2211 1221 2296 quod
1252 2212 1364 2278 venire

316 2313 443 2378 faciatis
480 2335 589 2380 coram
616 2313 812 2400 justiciariis
845 2313 975 2390 nostris,
1013 2313 1102 2400 apud
1139 2312 1363 2379 Westmonas·

316 2415 445 2495 terium,
461 2416 497 2480 in
513 2416 638 2482 octabis
662 2415 776 2482 Sancti
791 2414 969 2493 Michaelis,
985 2415 1009 2480 J
1010 2415 1179 2496 ohannem,
1204 2417 1363 2482 vicarium

288 2517 459 2583 ecclesiae
482 2519 522 2582 de
546 2516 763 2603 Kyrkeherle,
792 2517 945 2583 clericum
974 2522 1130 2595 vestrum,
1162 2517 1203 2582 ad
1234 2539 1366 2605 respon·

317 2618 460 2684 (lendum
489 2619 635 2686 Waltero
670 2619 710 2685 de
740 2619 955 2696 Kokeshowe,
980 2619 1145 2684 executori
1175 2621 1366 2685 testamenti

316 2721 465 2806 magistri
488 2722 622 2789 Ricardi
646 2722 686 2787 de
710 2722 918 2800 Gokeshowa
935 2722 976 2786 de
992 2722 1113 2808 placito
1137 2723 1225 2808 quod
1247 2724 1365 2789 reddat

316 2822 347 2886 ei
370 2827 442 2888 octo
464 2823 564 2888 libras
587 2845 669 2908 quas
692 2823 722 2888 ei
744 2823 868 2908 injuste
884 2822 1020 2901 detinet,
1035 2829 1083 2888 ut
1097 2824 1199 2903 dicit;
1222 2831 1256 2890 et
1278 2827 1363 2890 vice·

315 2945 422 2989 comes
444 2929 555 2990 noster
577 2924 828 2996 Northumbriae
857 2925 938 2990 elias
968 2925 1142 2990 mandavit
1168 2926 1363 3012 justiciariis

315 3026 442 3103 nostris,
459 3027 548 3113 apud
557 3026 893 3106 westmonasterium,
904 3026 991 3110 quod
1001 3027 1177 3113 praedictus
1192 3027 1216 3092 J
1218 3027 1362 3093 ohannes

315 3126 450 3192 clericus
482 3133 540 3205 est,
563 3133 598 3192 et
630 3149 698 3194 non
730 3128 831 3193 habet
859 3127 979 3192 laicum
1008 3128 1150 3205 feodum,
1172 3129 1208 3192 in
1239 3129 1365 3194 ballivo

316 3251 383 3307 sua,
407 3228 465 3292 ubi
487 3234 596 3316 potest
618 3230 826 3295 summoneri.
872 3227 918 3292 Et
948 3228 1069 3306 sciatis,
1089 3229 1187 3314 quod,
1210 3230 1276 3295 nisi
1301 3231 1362 3296 hoc

315 3333 508 3398 mandatum
544 3335 695 3396 nostrum
727 3330 856 3417 plenius
889 3330 1109 3414 exequamini,
1142 3333 1290 3417 graviter
1320 3331 1364 3397 ad

315 3455 373 3498 vos
396 3433 569 3520 capiemus.
615 3433 659 3496 Et
689 3431 839 3497 habeatis
865 3430 913 3494 ibi
943 3431 1004 3496 hoc
1026 3430 1135 3498 breve.
1183 3433 1288 3511 Teste,
1312 3433 1362 3500 W.

315 3536 356 3600 de
391 3535 565 3614 Bereford’,
588 3534 678 3621 apud
710 3532 1046 3610 Westmonasterium,
1070 3546 1142 3599 xx0.
1173 3535 1227 3599 dic
1258 3534 1363 3614 Junii,

313 3657 402 3704 anno
424 3637 517 3724 regni
539 3635 645 3701 nostri
667 3639 769 3700 sexto

316 3819 455 3870 Reromum
544 3786 754 3872 Injunximus
791 3787 947 3865 dohanni,
978 3788 1103 3854 vicario
1142 3789 1285 3855 ecclesiae
1324 3791 1365 3855 de
1379 3817 1503 3862 namma

318 3886 437 3948 ejusaem.
489 3887 691 3967 Kirkeherle‚
715 3889 776 3953 sub
797 3910 897 3975 poena
920 3889 1266 3956 excommunicationis
1297 3914 1365 3957 ma·
1378 3868 1513 3971 {diffie

311 3985 404 4071 joris,
429 3989 516 4073 quod
539 3989 585 4054 sit
606 4011 715 4056 coram
738 3989 832 4054 vobis
854 3990 897 4053 ad
919 3989 1007 4054 diem
1041 3991 1078 4054 in
1108 3990 1202 4056 brevi
1231 3999 1366 4058 conten-

316 4093 398 4170 tum,
421 4090 463 4155 ad
486 4090 671 4156 faciendum
695 4113 769 4176 quae
792 4092 922 4178 inipso
952 4091 1164 4160 continentur
1176 4116 1185 4170 ;
1209 4099 1243 4158 et
1265 4095 1308 4158 ad
1330 4094 1365 4158 id

316 4192 594 4276 sequestravimus
618 4193 704 4258 bona
725 4213 785 4258 sua
807 4193 1031 4260 ecclesiastica.

662 4369 854 4448 Edwardus,
888 4369 952 4434 Dei
982 4370 1098 4456 gratia,
1130 4392 1190 4436 rex
1223 4372 1363 4459 Angliae,
1413 4397 1430 4442 r.
1438 4401 1482 4442 191.

315 4415 398 4466 Breve
410 4413 504 4466 domini
516 4415 582 4470 reris
1451 4461 1456 4472 ·

317 4498 362 4546 pro
388 4483 511 4546 magistro
532 4484 585 4532 Ro·
618 4471 771 4536 dominus
802 4471 984 4549 Hiberniae,
1007 4478 1041 4537 et
1071 4472 1141 4536 dux
1162 4473 1362 4559 Aquitaniae,
1375 4457 1508 4554 322¹}ssss

316 4549 558 4599 b²“⁰d⁶¹³⁸¹d⁰k''
619 4573 800 4639 venerabili
837 4572 873 4637 in
911 4573 1042 4639 Christo
1079 4575 1175 4660 patri,
1214 4560 1501 4657 Ricardo‚}31b50'{‚‘¹⁰

316 4675 432 4742 eadem
467 4675 583 4763 gretia,
618 4675 767 4762 episcopo
804 4673 1030 4757 Dunolmensi,
1068 4675 1216 4746 salutem.
1277 4678 1364 4760 Quia
