3562 5710
492 837 691 888 anorsrauar
713 834 913 886 emensum
936 835 1176 888 massanissa.
1269 821 1353 886 1061

136 1026 493 1112 maanaagenitorum
517 1033 714 1106 nostrorum,
729 1049 750 1093 a
765 1031 1051 1193 magnodtenqpore
1074 1026 1214 1092 fuissent
1236 1025 1358 1192 adoqpti,
1386 1043 1507 1092 saura

307 1133 342 1194 et
364 1129 556 1208 willelmus,
580 1129 745 1216 quondam
767 1129 846 1193 bero
901 1149 919 1193 e
981 1128 1127 1214 reystok’
1149 1131 1256 1214 postm
1300 1148 1358 1191 um

307 1229 459 1296 dominus
482 1231 619 1297 manerii
641 1230 800 1317 praedicti,
824 1234 934 1295 totum
951 1230 1008 1315 jus
1030 1235 1074 1295 et‘
1087 1229 1246 1296 clameum
1270 1229 1358 1314 quod

307 1330 425 1406 habuit
447 1331 501 1397 vel
522 1331 642 1422 habere
664 1331 776 1417 potuit
798 1330 835 1394 in
857 1330 1074 1397 advocatione
1105 1331 1273 1417 praedicta,
1297 1351 1357 1416 pro

308 1453 342 1497 se
364 1443 400 1498 et
421 1431 607 1498 haeredibus
630 1433 707 1512 suis,
729 1432 968 1519 perscriptum
999 1454 1095 1498 suum
1119 1431 1265 1522 praefatis
1298 1431 1356 1497 ab·

307 1533 378 1598 bati
420 1538 455 1597 et
497 1533 675 1599 conventui
712 1532 900 1614 remisisset,
939 1539 974 1599 ct
1011 1533 1356 1619 quietum-clamasset,

306 1632 452 1718 dictique
483 1634 585 1700 abbas
607 1638 642 1700 et
664 1640 845 1700 conventus
879 1633 1045 1701 ecclesiam
1068 1635 1268 1720 praedictam,
1299 1653 1358 1719 per

307 1733 419 1802 literas
433 1735 530 1801 bonae
546 1736 711 1802 memoriae
721 1735 913 1814 Alexandri,
925 1735 1090 1821 quondam
1105 1735 1213 1822 Papae,
1228 1735 1357 1816 Quarti,
1410 1794 1417 1807 ,
1483 1793 1489 1806 .

308 1835 460 1914 bullatas,
479 1857 629 1906 ‚assensu
661 1836 807 1914 Roberti,
841 1837 1007 1922 quondam
1030 1837 1265 1903 Dunolmensis
1288 1837 1356 1923 epi·

228 1941 234 1956 '
308 1937 405 2022 scopi,
428 1937 671 2023 praedecessoris
693 1938 804 2015 vestri,
827 1943 862 2002 et
883 1938 1031 2022 ejusdem
1053 1937 1116 2003 loci
1138 1938 1285 2025 capituli,
1306 1938 1357 2002 in·

308 2040 523 2120 tarvaniente,
546 2039 609 2105 rite
643 2038 916 2126 appropriassent‚
939 2045 974 2105 et
1008 2060 1079 2104 eam
1113 2061 1172 2125 per
1201 2059 1357 2125 magnum

309 2145 439 2226 tempus
475 2141 720 2228 appropriatam
751 2141 947 2219 tenuissent,
978 2161 1147 2227 quousque
1181 2139 1359 2220 Antonius,

309 2262 413 2327 nuper
450 2241 620 2328 episcopus
665 2241 727 2308 loci
772 2241 931 2327 praedicti,
969 2242 1107 2308 ultimus
1144 2241 1360 2329 predecessor

309 2347 428 2419 vester,
450 2341 634 2408 Walterum
657 2343 697 2408 de
721 2341 876 2420 Olifford',
892 2343 1053 2421 cler-icum,
1067 2342 1110 2407 ad
1132 2343 1238 2430 ipsam
1261 2341 1359 2408 eecle-

310 2444 392 2509 siam
429 2463 489 2528 per
524 2442 720 2523 Johannem,
759 2465 864 2530 nuper
900 2445 1055 2510 baronem
1093 2443 1146 2508 de¹
1173 2442 1360 2530 Craystok’,

310 2544 416 2610 filium
439 2549 474 2609 et
496 2544 660 2610 haeredem
692 2545 843 2631 praedicti
877 2544 1044 2624 willelmi,
1066 2545 1358 2612 considerationem

310 2645 354 2712 ad
376 2645 600 2711 remissionem
622 2652 657 2712 et
679 2647 1053 2732 quietam-clemenciam
1075 2647 1156 2713 dicti
1171 2647 1275 2733 patris
1297 2648 1357 2723 sui,

310 2769 368 2814 seu
389 2747 477 2813 faeta
497 2747 635 2813 aliorum
657 2749 902 2835 progenitorum
926 2769 1067 2828 suorum,
1083 2769 1151 2813 non
1172 2749 1358 2830 habentem,

311 2855 458 2936 ternpore
487 2845 558 2934 'quo
591 2848 726 2914 abbatia
757 2849 798 2914 de
830 2849 952 2915 Sancto
975 2849 1113 2928 Albano,
1138 2872 1196 2936 per
1219 2853 1359 2916 mortem

311 2949 440 3037 Regeri,
456 2969 562 3036 nuper
576 2948 706 3014 abbatis
729 2950 875 3035 ejusdem
898 2949 968 3028 loci,
985 2950 1126 3030 vacavit,
1141 2955 1176 3017 et
1198 2950 1234 3015 in
1256 2972 1359 3018 manu

311 3051 435 3117 domini
460 3050 626 3128 Edwardi,
650 3052 813 3137 quondam
846 3051 931 3138 regis
954 3051 1094 3138 Angliae,
1118 3053 1221 3138 patris
1243 3051 1358 3131 nostri,

312 3152 437 3230 extitit,
459 3157 697 3239 praesentatum
730 3152 774 3218 ad
805 3152 911 3239 ipsam
949 3153 1115 3220 ecclesiam
1148 3154 1291 3232 admisit,
1324 3158 1359 3218 et

311 3254 428 3340 ipsum,
453 3254 499 3319 sic
520 3260 668 3340 tempore
689 3253 871 3319 vacationis
893 3252 1038 3320 abbatiae
1059 3254 1157 3332 illius,
1180 3274 1245 3340 quo
1274 3260 1357 3320 tem-

311 3375 390 3441 pore
424 3359 606 3421 conventus
640 3354 817 3440 praedictus
854 3354 956 3419 alium
995 3355 1197 3438 defensorem
1233 3377 1358 3442 posses-

312 3456 440 3542 sionum
472 3462 506 3522 et
532 3457 661 3542 jurium
684 3476 825 3532 suorum,
848 3477 947 3540 quam
970 3456 1097 3520 dictum
1127 3463 1253 3542 patrem
1284 3479 1358 3524 nos·

311 3565 401 3624 mum
423 3579 491 3624 non
512 3557 710 3634 habuerunt,
732 3561 890 3652 rectorem
912 3557 1063 3622 instituit
1085 3557 1121 3622 in
1143 3557 1266 3638 eadem,
1289 3563 1358 3624 tam

312 3659 348 3724 in
370 3660 451 3726 dicti
473 3658 578 3746 petris
600 3659 707 3724 nostri
727 3657 966 3745 praejudicium,
989 3680 1087 3744 quam
1108 3659 1252 3726 abbatiae
1274 3682 1358 3747 praa·

312 3759 420 3842 dictae,
435 3760 477 3826 de
499 3759 745 3847 progenitorum
759 3764 945 3826 nostrorum
964 3765 998 3825 et
1011 3761 1132 3826 nostris
1147 3762 1360 3848 eleemosynis

312 3862 469 3938 frmdatae,
491 3860 764 3930 exhoeredationis
786 3861 968 3949 periculum
991 3861 1213 3930 manifestum.
1259 3863 1359 3930 Oum-

312 3985 376 4050 que
408 3984 515 4049 nuper
547 3967 686 4029 vacante
707 3962 842 4028 ecelesia
876 3962 941 4042 illa,
971 3984 1030 4049 per
1059 3969 1198 4030 mortem
1228 3965 1359 4052 praefeti

312 4065 460 4143 Walteri,
483 4064 678 4151 Redulphus
700 4065 789 4130 filius
813 4064 978 4142 Willelmi,
1000 4065 1057 4150 qui
1081 4070 1207 4132 etatum
1229 4068 1359 4154 praefati

311 4166 486 4243 Johannis,
508 4165 675 4252 quondam
709 4165 850 4242 baronis,
882 4166 919 4230 in
941 4167 1088 4232 manerio
1109 4166 1275 4253 praedicto,
1301 4190 1359 4255 per

312 4268 558 4334 feoffamentum
581 4267 727 4353 ejusdem
750 4267 915 4332 Johannis
936 4267 1052 4333 amerit
1081 4289 1116 4333 se
1145 4268 1274 4349 habere,
1297 4271 1360 4334 im-

312 4370 502 4458 placitasset
535 4389 644 4434 coram
666 4367 861 4454 justiciariis
890 4369 1018 4446 vestris,
1048 4367 1136 4434 infre
1171 4369 1359 4436 libertatem

312 4477 457 4539 vestram
479 4471 743 4547 Dunolmensem,
766 4469 939 4556 praefatum
965 4469 1119 4536 abbatem
1151 4471 1191 4536 da
1220 4472 1360 4538 advoca·
1391 4507 1396 4514 ·

311 4573 403 4639 tione
426 4572 569 4639 ecclesiae
591 4571 778 4660 praedictae3
801 4592 865 4656 quo
888 4570 1020 4656 quidem
1043 4570 1165 4659 placito
1196 4573 1359 4658 pendente

312 4675 500 4752 indiscusso,
522 4672 610 4741 idem
645 4671 849 4761 Radulphus,
871 4672 1028 4760 inspectis
1058 4672 1157 4740 cartis
1187 4679 1222 4742 et
1251 4677 1359 4744 mum
