3562 5714
479 837 676 890 nnarsmun
698 833 902 890 runermml
924 837 1164 890 ouuuuunusu
1286 821 1351 895 977

132 1041 288 1095 mnpma.
301 1030 412 1111 tobris,
436 1049 523 1097 anno
554 1030 646 1118 regni
676 1031 781 1096 nostri
811 1030 1068 1118 septimo-Per
1097 1029 1242 1098 rotulum
1266 1049 1353 1097 com·
1382 1033 1503 1099 A·1³·1³1?³·

301 1134 372 1221 poti
396 1134 658 1220 quintadecima
680 1134 846 1222 praedictae
870 1135 905 1200 in
928 1133 1115 1222 episcopatu
1138 1133 1303 1222 praedicto.

545 1313 624 1379 Post
654 1315 874 1400 receptionem
904 1315 1001 1380 istius
1027 1313 1137 1381 brevis
1167 1315 1350 1380 levavimus
1364 1327 1489 1371 Rcturnto

302 1382 448 1432 Retomum.
500 1415 540 1480 de
562 1416 707 1502 personis
731 1417 957 1504 infrascriptis,
980 1417 1202 1484 videlicetz—
1364 1379 1500 1482 {linitae

350 1515 396 1580 De
419 1517 526 1601 priore
549 1517 588 1582 de
612 1518 810 1603 Typemuth'
931 1557 945 1569 -
1080 1558 1093 1568 -
1138 1542 1191 1583 xx.
1209 1540 1351 1585 marcac.

346 1618 396 1682 De
419 1619 539 1684 abbate
562 1621 602 1684 de
625 1621 803 1706 Alncwyk'
929 1658 942 1670 ·
1077 1660 1089 1671 -
1226 1622 1349 1686 -xla

345 1719 395 1786 De
417 1720 573 1806 hospitali
596 1719 636 1786 de
659 1722 860 1808 Tynemuth’
930 1765 942 1776 -
1077 1761 1090 1772 -
1135 1724 1178 1808 vj.
1191 1747 1215 1790 a.
1238 1725 1307 1808 viij.
1319 1723 1353 1790 d.

344 1821 395 1886 De
417 1823 539 1888 vicario
562 1825 603 1888 de
627 1823 867 1911 Heighington'
928 1866 964 1896 -,
1076 1861 1088 1873 -
1132 1827 1224 1911 ,ἰὶ].8.
1248 1826 1348 1910 ἱὶᾒ.(ἰ.

345 1924 395 1990 De
419 1927 575 2012 magistro
598 1927 639 1991 de
662 1927 805 1991 Karram
929 1964 943 1974 -
1078 1963 1091 1976 -
1106 1928 1188 2012 xvij.
1202 1951 1225 1993 a.
1248 1929 1349 2013 iiij.-d.

345 2027 396 2092 De
419 2029 552 2093 ecclesia
579 2029 619 2093 de
644 2027 840 2114 Oonysclive
931 2065 945 2078 ·
983 2113 987 2122 Ι
1044 2029 1122 2113 xvij.
1135 2051 1159 2093 a.
1183 2030 1228 2094 ix,
1241 2029 1348 2118 clqa.

344 2130 394 2195 De
417 2129 570 2196 Johaune
593 2131 634 2195 de
657 2130 864 2216 Metiugham
931 2165 946 2178 -
1066 2131 1145 2214 xxij.
1156 2153 1180 2194 s.
1203 2131 1236 2215 ij.
1249 2131 1279 2196 cl.
1303 2133 1350 2197 ob.

345 2233 395 2297 De
418 2233 525 2319 priore
548 2235 589 2298 de
613 2232 868 2297 Hextildesham
927 2271 939 2281 -
986 2255 1017 2296 x.
1031 2231 1067 2299 li.
1091 2232 1185 2316 xviij.
1199 2254 1222 2296 a.
1246 2233 1305 2318 iiij.
1319 2233 1349 2298 cl.

346 2334 396 2400 De
418 2339 542 2398 rectore
565 2335 606 2398 de
630 2333 820 2400 Houtvvisel
932 2373 944 2386 -
1033 2335 1091 2418 iiij.
1103 2333 1137 2398 li.
1162 2335 1230 2418 xxj.
1248 2335 1278 2401 (l.
1302 2336 1348 2401 ob.

346 2436 396 2501 De
419 2436 575 2522 hospitali
597 2437 638 2502 de
661 2437 866 2502 Galesheved
927 2474 940 2484 -
1076 2474 1090 2484 -
1226 2438 1349 2522 -rrij.s.

344 2539 395 2603 De
417 2539 523 2624 priore
546 2539 762 2604 Dunelmensi
785 2578 797 2588 -
932 2574 945 2586 -
982 2537 1062 2621 xlvj.
1076 2537 1111 2603 li.
1134 2539 1177 2623 vj.
1188 2562 1212 2604 a.
1236 2539 1306 2623 viij.
1318 2540 1351 2605 cl.

346 2643 490 2718 Summa,
506 2641 597 2727 iiijxx.
611 2639 647 2708 li.
671 2640 753 2725 xiiij.
765 2663 788 2706 a.
807 2641 832 2726 j.
846 2640 877 2706 ci.
902 2661 977 2726 qm:
1000 2641 1041 2704 de
1058 2641 1177 2726 quibus
1193 2641 1356 2706 solvimus.

302 2743 467 2810 Willelmo
490 2743 618 2820 Sewot’‚
650 2765 675 2808 c.
706 2764 839 2822 marcas,
864 2747 898 2806 et
927 2743 1005 2806 inde
1035 2743 1193 2808 habemus
1223 2746 1351 2828 acquic·

302 2846 445 2912 tanciam
467 2867 568 2910 suam.
601 2845 793 2922 Residuum,
809 2845 971 2922 videlicet,
995 2844 1064 2930 xiij.
1078 2844 1113 2908 li.
1137 2846 1204 2910 xix.
1217 2867 1240 2910 a
1265 2846 1306 2910 ix.
1318 2846 1349 2910 cl.

302 2970 356 3034 qu.
379 2947 537 3014 habemus
560 2947 602 3010 ad
626 2946 819 3012 solvendum
843 2946 957 3024 eidem,
982 2967 1056 3012 cum
1079 2947 1190 3011 literas
1221 2947 1350 3033 aequie-

302 3051 420 3116 tanciae
442 3049 657 3135 receperimus
680 3049 722 3114 ab
746 3037 867 3114 eodem.

348 3152 632 3238 Sequestravimus
663 3151 703 3216 de
734 3150 880 3237 personis
912 3149 1134 3237 infrascriptis,
1173 3172 1240 3219 uua
1277 3174 1350 3218 cum

302 3253 396 3320 bonis
418 3253 499 3319 alias
522 3253 802 3339 sequestratis:—

347 3357 398 3422 De
420 3361 545 3422 rectore
568 3355 710 3422 ecclesia
734 3355 774 3421 de
798 3355 1001 3420 Knaresdale
1092 3389 1106 3402 -
1136 3356 1181 3440 vj.
1192 3378 1215 3420 s.
1239 3356 1308 3442 viij.
1319 3358 1351 3423 cl.

348 3460 562 3526 Postmodum
585 3458 686 3522 solvit
708 3457 838 3522 officiali
861 3462 895 3522 et
916 3458 987 3544 ipso
1011 3457 1048 3524 R.
1072 3457 1276 3543 Tymparon’.

347 3564 397 3629 De
419 3561 552 3626 ecclesia
575 3561 615 3624 de
638 3559 867 3645 Langneuton’
884 3596 897 3608 -
1032 3597 1045 3607 -
1090 3560 1213 3645 xxvje.
1238 3561 1306 3647 viij.
1320 3562 1350 3627 cl.

346 3663 585 3728 ¹Postmodum
608 3661 709 3726 solvit
733 3660 899 3725 Willelmo
922 3659 1050 3726 Sevvat?

348 3768 398 3833 De
421 3765 617 3829 monialibus
641 3764 681 3829 de
705 3762 863 3828 Halistan
952 3802 966 3812 -
1014 3764 1171 3849 xxxiija
1196 3764 1271 3849 ijo.
1296 3788 1349 3852 qu.

351 3866 587 3932 ¹Postmodnm
610 3865 780 3931 solverunt
802 3863 931 3932 officiali
955 3870 989 3930 et
1010 3867 1082 3952 ipso
1098 3867 1137 3934 R.
1154 3869 1350 3956 Tymparon.

348 3971 399 4036 De
421 3975 545 4035 rectore
568 3969 608 4034 de
632 3969 832 4055 Ovyngham
867 4005 881 4018 ·
926 3969 971 4052 vj.
985 3968 1020 4033 li.
1044 3969 1112 4053 viij.
1125 3993 1149 4035 e.
1171 3970 1230 4056 iiij.
1243 3970 1273 4036 cl.
1297 3993 1350 4057 qu.

349 4071 421 4138 1W.
446 4071 558 4137 Sewat
579 4072 702 4156 recepit
725 4092 845 4156 equum
868 4071 904 4134 in
926 4070 1127 4136 allocutione.

346 4175 399 4240 Ad
421 4195 496 4260 quse
519 4174 605 4238 bona
628 4173 766 4238 emenda
789 4194 856 4237 non
878 4172 1065 4237 invenimus
1088 4179 1258 4260 emptores.

350 4280 444 4356 Item,
460 4276 616 4364 priorissa
637 4275 678 4340 de
702 4275 857 4342 Halistan
879 4297 947 4342 non
969 4275 1070 4340 habet
1093 4282 1245 4362 separata
1269 4277 1352 4344 bona

304 4404 325 4448 a
346 4380 553 4446 monialibus.

350 4485 414 4550 Pro
437 4485 595 4571 magistro
617 4480 790 4568 hospitalis
804 4481 845 4548 de
861 4479 1033 4549 Shirbum'
1056 4483 1237 4571 recepimus
1253 4485 1352 4554 breve

304 4589 344 4652 de
367 4585 774 4674 supersedendo‘omnino.

488 4766 495 4797 ¹
513 4766 594 4816 These
607 4774 739 4818 sentences
752 4782 794 4816 are
805 4768 888 4816 added
904 4768 931 4816 in
944 4783 957 4818 a
970 4767 1084 4819 differem
1096 4769 1170 4819 hand.

392 4863 466 4912 VOL.
492 4863 527 4911 11.
1194 4867 1219 4916 U
