3564 5744
514 795 716 852 nncrsrnuu
738 797 941 853 maenum
962 799 1202 857 utrumnum
1297 791 1384 858 1063

164 981 561 1064 mrumefavorabilitor
583 986 780 1068 admittatis,
802 988 890 1076 ipsos
916 989 1017 1056 talem
1048 995 1174 1058 statum
1203 991 1240 1056 in
1270 991 1384 1060 cadam
1413 1001 1469 1050 M>-
1477 1005 1536 1052 1³1⁵·

334 1087 475 1168 ecclesia,
501 1087 640 1174 qualem,
663 1095 741 1154 ante
770 1090 927 1177 injuriam
961 1092 1008 1158 eis
1040 1093 1118 1159 indo
1153 1099 1300 1180 tempore
1325 1117 1384 1160 va·

336 1188 474 1254 cationis
506 1188 649 1256 abbetiae
682 1191 849 1277 praedictae
880 1195 1011 1273 factam,
1041 1194 1237 1275 habuerunt,
1260 1197 1384 1282 absque

336 1289 575 1376 inquietatione
607 1293 799 1360 continuare
836 1296 1072 1382 permittentes.
1118 1297 1215 1364 Teste
1248 1299 1382 1384 meipso,

333 1394 423 1480 apud
444 1392 780 1475 westmonasterium,
803 1396 901 1483 xiiij0.
933 1399 987 1464 dic
1017 1399 1141 1478 Martii,
1171 1421 1259 1467 anno
1289 1401 1382 1500 regni

332 1496 438 1560 nostri
460 1500 584 1563 octavo.

680 1697 876 1777 Edwardus,
907 1697 971 1762 Dei
1003 1667 1120 1784 gratia,
1149 1719 1210 1764 rex
1241 1697 1525 1817 Anglioeffiuaffi·

336 1743 446 1809 [Breve]
469 1743 535 1808 regis
552 1757 613 1793 con-

331 1809 572 1875 ua[wi11e1mu]m
587 1810 612 1861 le
636 1799 788 1864 dominus
811 1798 992 1877 Hiberniae,
1014 1806 1049 1866 ct
1079 1801 1150 1866 dux
1178 1799 1381 1886 Aquitaniae,
1392 1776 1510 1874 auantiae

633 1902 813 1968 venerabili
849 1903 886 1966 in
918 1901 1060 1968 -Ohristo
1094 1903 1190 1989 petri,
1229 1871 1511 2017 Ricarduffgnu'iiin'l

332 1875 411 1931 Rous.
476 1950 480 1956 Ι

331 2003 443 2068 eedem
477 2003 593 2091 gratia,
617 2005 766 2091 episcopo
789 2004 1015 2084 Dunolmcnsi,
1037 2005 1186 2073 salutem.
1243 2005 1381 2071 Manda·
1394 1973 1525 2068 minim

331 2127 404 2170 mus
426 2105 528 2184 vobis,
545 2107 634 2190 quod
656 2106 768 2172 venire
783 2107 912 2171 faciatis
927 2127 1035 2171 coram
1053 2106 1245 2191 justiciariis
1259 2107 1381 2172 nostris

332 2207 420 2293 apud
441 2205 815 2302 westmonasterium
837 2208 891 2274 die
915 2207 1044 2274 Sanctae
1070 2207 1243 2274 Trinitatis
1265 2210 1301 2272 in
1324 2231 1377 2274 xv.

331 2309 409 2389 dics,
432 2308 633 2374 Wiilelmum
655 2310 687 2374 le
708 2309 807 2400 Bous,
830 2309 983 2376 cleriorum
1005 2314 1162 2386 vestrum,
1182 2311 1226 2376 ad
1248 2331 1380 2397 respon-

330 2412 474 2477 dendum
489 2410 512 2475 J
514 2410 636 2476 ohanni
651 2411 691 2475 de
707 2410 894 2498 Pykering’,
911 2411 1034 2492 clerico,
1045 2411 1182 2497 juniori,
1198 2411 1238 2476 de
1261 2410 1382 2497 placito

329 2514 418 2599 quod
439 2513 556 2578 reddat
579 2513 610 2576 ei
638 2512 859 2598 quadraginta
889 2512 1017 2590 solidos,
1041 2533 1122 2598 quos
1154 2511 1185 2577 ei
1216 2511 1315 2577 debet
1347 2517 1382 2577 et

329 2615 452 2701 injuste
491 2613 625 2692 detinet,
658 2620 698 2678 ut
730 2613 832 2692 dicit;
868 2619 903 2679 et
935 2613 1023 2679 unde
1056 2614 1234 2680 vicecomes
1271 2618 1383 2678 noster

329 2717 577 2782 Northumbriee
599 2716 772 2782 mandavit
796 2715 992 2801 justiciariis
1013 2716 1134 2782 nostris
1163 2715 1253 2802 apud
1274 2714 1382 2780 West·

329 2819 572 2896 monasterium,
604 2839 625 2882 a
642 2817 710 2881 'dic
733 2816 847 2882 Sanoti
881 2815 1016 2883 Hillarii
1045 2819 1082 2882 in
1111 2839 1167 2884 xv.
1190 2816 1269 2897 dies,
1293 2817 1381 2902 quod

330 2921 508 3010 praedictus
529 2917 716 2984 Willelmus
737 2919 873 2986 clericus
896 2926 954 2998 est,
976 2924 1011 2984 et
1032 2939 1100 2986 non
1129 2918 1231 2984 habet
1260 2917 1380 2986 laicum

330 3025 464 3091 feodum
501 3024 538 3087 in
575 3021 699 3087 balliva
735 3043 802 3100 sua,
840 3021 898 3085 ubi
938 3026 1047 3108 potest
1083 3021 1291 3090 summoneri.
1336 3021 1380 3086 Et

330 3126 480 3193 habeatis
502 3123 551 3189 ibi
572 3123 634 3189 hoc
654 3123 765 3189 breve.
809 3123 915 3202 Tasta,
937 3123 987 3190 W.
1019 3124 1060 3188 de
1083 3121 1259 3203 Bcrcford',
1290 3121 1381 3208 apud

330 3226 666 3304 westmonasterium,
681 3222 765 3311 xvj0.
781 3225 835 3290 die
857 3223 1038 3303 Februarii,
1052 3245 1139 3290 anno
1160 3223 1254 3311 regui
1275 3221 1381 3290 nostri

329 3336 452 3398 octove.
965 3345 968 3352 ·

334 3553 505 3620 [Romnum
591 3529 807 3619 Injunximus
829 3527 995 3595 Willclmo
1018 3526 1049 3592 lc
1071 3527 1170 3607 Rous,
1194 3524 1255 3592 sub
1277 3545 1377 3612 poena
1389 3555 1515 3603 natumst,

330 3623 448 3688 ejusdem,
547 3632 904 3710 excommunicationis,
920 3630 1010 3717 quod
1025 3630 1070 3696 sit
1083 3649 1192 3698 coram
1208 3627 1311 3706 vobis,
1334 3626 1377 3694 sd
1387 3607 1524 3710 {tium

330 3741 419 3808 diem
441 3739 604 3806 stlocum
626 3739 663 3802 in
684 3735 779 3803 brevi
801 3737 982 3801 contentos

327 3943 410 3996 Breve
424 3944 511 3992 contra
526 3939 579 3990 aa
659 3937 851 4012 Edwardus,
884 3933 949 3999 Dei
985 3931 1101 4020 gratia,
1135 3951 1197 3997 rex
1234 3928 1376 4015 Angliae,
1424 3954 1496 4000 aare.

326 4007 579 4125 ffiffifflsst’
612 4039 766 4108 somnus
795 4036 974 4117 moerere,
1004 4039 1040 4101 aa
1073 4033 1144 4100 oux
1173 4015 1520 4118 mutuniati-2¹1³&

327 4141 410 4208 uso
608 4141 792 4210 veneream
813 4140 850 4204 n
874 4137 1007 4205 cassu
1029 4137 1128 4224 petri,
1151 4135 1300 4214 atauo,
1323 4117 1506 4217 eeteffl„‚¹⁰

331 4253 406 4318 dem
428 4250 544 4338 gratia,
564 4246 715 4334 episcopo
737 4240 962 4322 Dunolmensi,
986 4238 1134 4306 salutem.
1179 4219 1531 4314 Mmdnmusgtffi‘&

331 4354 434 4432 vobis,
457 4353 544 4418 sicut
566 4349 646 4416 alias
661 4346 756 4412 vobis
777 4343 1015 4423 mandavimus,
1031 4341 1120 4427 quod
1142 4339 1256 4405 venire
1278 4337 1377 4405 facia·
1388 4317 1540 4374 nmmest

332 4458 379 4523 tis
414 4475 522 4521 coram
548 4448 743 4537 justiciariis
771 4445 893 4512 nostris
923 4444 1014 4531 apud
1037 4439 1375 4518 westmonasterium,

334 4579 356 4626 a
378 4558 432 4623 dic
463 4554 593 4621 Sanctae
615 4548 788 4616 Trinitatis
817 4548 854 4612 in
876 4546 1062 4633 quindecim
1091 4545 1170 4623 dies,
1192 4541 1376 4608 Robertum

331 4659 363 4726 le
388 4662 531 4737 Avener,
545 4653 706 4725 vicarium
737 4649 888 4718 ecclesiae·
909 4649 950 4715 de
973 4645 1201 4734 Hautwysell’,
1224 4644 1376 4711 clericum
