3468 5704
403 775 468 843 704
580 789 778 838 REGISTRUM
801 787 1002 837 PALA'I'INUM
1025 787 1267 836 DUNELMENSE.

248 983 370 1028 anrns.
401 972 441 1036 de
479 973 570 1056 cujus
609 973 780 1036 vacatione
815 973 917 1049 nobis,
949 993 1006 1058 per
1043 971 1298 1056 resignationem
1336 968 1622 1032 fratrissaruaea

399 1073 562 1138 Jobannis
599 1075 640 1138 de
675 1073 842 1152 Doxford’,
876 1095 980 1159 nuper
1013 1074 1129 1138 vicarii
1161 1072 1316 1158 ejusdem,
1350 1070 1446 1155 plene

399 1179 535 1254 constat,
559 1181 610 1253 te„
633 1177 675 1240 ad
698 1177 986 1261 praesentationem
1009 1175 1205 1240 dilectorum
1237 1173 1299 1237 filii
1331 1172 1448 1258 prioris

399 1282 433 1343 et
455 1284 637 1343 conventus
660 1278 701 1343 de
724 1277 951 1356 Brinkeburn',
975 1277 1054 1342 licet
1077 1277 1112 1340 in
1145 1275 1206 1362 hac
1229 1281 1322 1360 parte
1356 1273 1448 1337 nulla

398 1381 600 1465 praecesserit
621 1379 793 1465 inquisitio
815 1384 980 1457 consuete,
1003 1383 1043 1442 ut
1073 1378 1141 1442 tuis
1164 1396 1335 1463 parcamus
1356 1374 1445 1440 labo·

398 1481 489 1546 ribus
523 1486 557 1545 et
589 1482 749 1566 expensio,
783 1481 925 1566 gratiose
959 1480 1168 1545 admittimus
1202 1479 1268 1544 ista
1301 1478 1382 1554 vice,
1408 1481 1446 1542 ut

398 1587 594 1668 perpetuum
626 1582 795 1661 vicarium,
833 1603 907 1646 cum
942 1603 1020 1646 cura
1054 1585 1088 1646 et
1126 1602 1222 1645 onere
1261 1579 1446 1644 residentia

399 1684 586 1769 personalis,
618 1683 825 1748 instituimus
858 1685 894 1747 in
917 1683 1040 1749 eadem.
1088 1683 1128 1745 In
1152 1681 1244 1766 cujus
1275 1681 1323 1746 rei
1353 1681 1445 1746 testi-

399 1786 546 1849 monium
580 1785 639 1848 has
670 1784 782 1848 literas
820 1791 950 1848 nostras
984 1783 1047 1848 tibi
1081 1779 1153 1847 fieri
1176 1782 1312 1848 fecimus
1347 1781 1446 1868 sigilli

399 1887 503 1951 nostri
542 1885 724 1951 munimine
755 1885 933 1950 roboratas
995 1885 1121 1949 Datum
1159 1885 1249 1971 apud
1284 1883 1447 1960 Stokton',

400 1986 492 2054 xxv0.
516 1989 569 2053 die
596 1987 685 2064 Maii,
722 2008 809 2051 anno
839 1986 975 2050 Domini
1007 1985 1179 2051 millesimo
1209 1983 1286 2052 οεοῦ.
1316 1985 1446 2069 quinto-

401 2091 536 2170 decimo,
559 2096 594 2155 et
617 2089 869 2155 consecrationis
892 2093 1014 2153 nostrae
1037 2093 1165 2174 quarto.

231 2249 356 2342 ppuuaion
364 2251 387 2294 or
403 2265 550 2332 [Innocua
562 2265 586 2314 in
668 2229 926 2306 Memorandum‚
950 2229 1039 2314 qnod
1062 2229 1186 2295 eisdem
1209 2231 1263 2294 die
1296 2236 1329 2295 et
1359 2250 1446 2293 anno

231 2311 374 2443 pffia
403 2333 544 2398 [erarem
621 2333 817 2397 mandatum
840 2332 907 2395 fua
930 2331 1158 2396 achidiacono
1188 2331 1446 2421 sortiamus,

231 2449 325 2494 ennon
399 2433 453 2497 vel
476 2433 546 2517 ejus
571 2482 579 2497 .
604 2481 612 2498 .
636 2487 642 2500 .
667 2434 806 2510 officiali,
831 2434 918 2519 qnod
941 2434 1048 2521 ipsum
1072 2434 1252 2512 induceret,
1268 2434 1447 2500 secundum

399 2535 534 2600 formam
559 2545 747 2602 contentam
771 2535 807 2599 in
830 2536 1046 2602 institutione.

230 2705 388 2802 purgatum
404 2735 673 2800 [Conuersioseques-
753 2689 921 2768 Ricardus,
946 2689 1159 2776 permissione
1175 2690 1299 2770 divina,
1323 2690 1448 2755 Dunol-

231 2809 360 2858 soquaora
402 2802 434 2850 tri
473 2801 614 2866 [ecclesus
643 2804 674 2851 de
708 2792 828 2856 mensis
838 2791 1015 2878 episcopus,
1028 2791 1147 2857 dilecto
1163 2792 1286 2870 clerieo,
1302 2792 1325 2856 J
1328 2791 1449 2857 ohanni

230 2857 362 2950 {fflfllolpfl
399 2868 515 2918 Consulit
544 2867 674 2932 [domin]o
707 2899 729 2961 d
782 2896 854 2960 Pl]
1181 2900 1187 2912 ,

231 2955 386 3010 mmmm
400 2934 431 2984 G.
473 2936 505 2984 de
544 2933 674 2983 edesham
730 2919 748 2961 e
811 2917 934 2974 oowe,
958 2903 1190 2982 sequestr-aton
1220 2905 1341 2976 nostro,
1364 2899 1448 2962 salu-

231 3005 374 3101 {tum
398 2999 542 3115 ffigmluffl
562 2999 673 3050 vacatio·
706 3009 783 3080 tem,
806 3005 948 3088 gratiam
979 3009 1014 3067 et
1046 3003 1318 3070 benedictionem.
1365 3005 1448 3070 Cum

440 3103 445 3114 '
707 3105 842 3184 fructus,
867 3105 1083 3170 obventiones
1101 3113 1134 3172 et
1150 3127 1359 3192 quoscunque
1375 3127 1448 3192 pro-

400 3207 530 3279 ventus,
568 3203 711 3270 ecclesiae
742 3205 784 3269 de
815 3205 1008 3291 Oonsclym,
1031 3214 1105 3292 post
1144 3213 1283 3273 mortem
1324 3207 1448 3271 domini

399 3302 548 3384 Walteri,
573 3305 699 3370 dudum
723 3307 857 3372 rectoris
880 3307 1034 3392 ejusdem,
1051 3330 1109 3394 per
1130 3329 1199 3387 vos,
1215 3331 1256 3373 ex
1279 3309 1447 3373 commisso

401 3407 494 3473 vobis
517 3407 631 3486 officio,
648 3415 868 3496 sequestratos
883 3431 922 3474 ac
936 3416 1083 3496 tempore
1099 3413 1281 3477 vacationis
1304 3412 1448 3497 ejusdem

401 3509 544 3576 ecclesiae
579 3517 749 3598 perceptos
772 3516 807 3576 et
841 3512 1001 3594 collectos,
1036 3512 1156 3579 dilecto
1180 3514 1247 3578 filio
1279 3522 1391 3578 nostro
1414 3521 1448 3578 et

399 3610 553 3675 familiari
576 3613 701 3690 clerico,
726 3614 859 3679 domino
884 3613 1032 3678 Galfrido
1056 3615 1096 3679 de
1119 3615 1300 3693 Edenham,
1320 3615 1447 3680 dederi-

402 3733 472 3775 mus
495 3717 528 3776 et
551 3716 810 3792 concesserimus,
826 3738 868 3780 ex
890 3716 976 3781 dono
991 3722 1103 3781 nostro
1126 3723 1161 3782 et
1181 3719 1289 3802 gratia
1310 3716 1448 3804 speciali,

400 3813 494 3878 vobis
526 3815 729 3893 mandamus,
757 3821 921 3901 quatenus
955 3818 1060 3882 eidem
1093 3819 1252 3884 dedistis
1280 3819 1448 3896 fructibus,

400 3915 657 3981 obventionibus
691 3923 725 3983 et
763 3919 988 4003 proventibus,
1011 3919 1107 4005 plene
1143 3921 1377 4007 respondeatis,
1415 3927 1449 3986 et

400 4016 529 4083 faciatis
558 4019 767 4106 integraliter
797 4021 994 4106 responderi.
1041 4021 1165 4087 Valete.
1213 4021 1337 4088 Datum
1360 4024 1448 4111 apud

400 4120 610 4202 Dunolmum,
627 4121 745 4187 ultimo
769 4122 823 4186 die
845 4123 935 4200 Maii,
950 4124 1202 4190 consecrationis
1225 4131 1346 4190 nostrae
1361 4147 1447 4190 anno

400 4225 522 4308 quinto

231 4359 343 4454 gpppip‘t-
400 4387 631 4440 commissionum·
710 4350 879 4432 Ricardus,
917 4352 1130 4438 permissione
1164 4355 1287 4432 divina,
1321 4355 1448 4420 Dunol-

231 4461 351 4554 pffirw
399 4454 630 4569 pjtlriless‘ltpmue·
664 4453 784 4517 mensis
815 4453 991 4539 episcopus,
1024 4454 1185 4520 universis
1215 4456 1357 4522 subditis
1379 4458 1445 4521 suis

230 4560 383 4660 meum
399 4535 502 4634 ,ssffl
511 4521 636 4649 fflslssss
667 4555 754 4618 infra
783 4553 970 4620 libertatem
1000 4561 1146 4629 nostram
1178 4558 1218 4623 de
1252 4558 1446 4624 Alvertone·

231 4660 370 4754 pimpjptpp.
399 4650 519 4702 tonsure.
667 4655 763 4735 shift,
810 4658 956 4722 salutem.
1018 4659 1188 4725 Noveritis
1226 4684 1286 4727 nos
1325 4663 1445 4728 c'onsti-
