3452 5702
495 807 694 862 neore-mm
716 804 919 862 rsmrmou
941 809 1183 864 cosmumrsn
1297 795 1363 866 735

132 1009 182 1054 on.
191 1008 299 1063 crues.
310 992 408 1062 vobis
420 996 626 1076 mandemus,
637 999 854 1085 quotenusom
874 1020 939 1065 nes
954 997 1028 1066 illos
1043 997 1103 1086 qui
1118 1019 1170 1065 res
1184 996 1360 1086 praedictas
1391 1019 1513 1068 surus

312 1119 396 1164 cusu
424 1099 549 1168 nefario
569 1099 734 1182 auferunt,
756 1101 812 1166 vel
843 1100 926 1168 elios
949 1101 1031 1170 dicti
1052 1101 1117 1168 loci
1151 1123 1209 1168 seu
1230 1101 1360 1190 roligio-

314 1221 424 1266 sorum
439 1201 669 1288 predictorum
680 1201 767 1288 jum,
783 1202 963 1285 libertates,
985 1209 1020 1270 et
1034 1203 1220 1292 privilegio,
1235 1203 1364 1270 violent

313 1304 368 1369 vel
403 1304 597 1393 infringunt,
632 1305 687 1370 vel
721 1304 823 1372 etiem
854 1305 1075 1388 abstulerunt,
1105 1306 1284 1387 violo-unc,
1306 1328 1365 1374 sen

312 1407 555 1493 quomodolibet
569 1406 784 1496 infregerunt,
800 1407 837 1474 in
858 1408 993 1494 majoris
1016 1409 1365 1476 excommunicationis

311 1511 510 1578 sententium
544 1511 752 1578 denuncietis
782 1510 913 1599 publice
941 1510 1107 1592 incidisse,
1130 1517 1165 1579 et
1195 1512 1284 1599 ipsos
1317 1511 1364 1578 sic

312 1613 612 1680 excommunicatos
642 1635 720 1694 esse,
742 1613 780 1679 in
801 1613 935 1681 ecclesie
966 1613 1145 1702 parochiali
1177 1613 1218 1680 de
1240 1613 1362 1678 Boum-

311 1714 435 1803 bnrgh',
467 1715 650 1804 publicetis,
680 1716 797 1783 diebus
819 1713 1002 1785 Dominicis
1035 1722 1070 1784 et
1104 1714 1244 1796 festivis,
1274 1715 1362 1781 inim

312 1818 485 1884 missorum
522 1817 689 1898 solemnis,
722 1839 798 1886 cum
828 1817 934 1904 mejor
967 1817 1053 1884 inibi
1083 1817 1217 1884 offuerit
1247 1815 1363 1905 populi

311 1920 500 2002 multitudo,
524 1921 566 1988 de
588 1921 781 1989 nominibus
796 1941 910 1987 eorum
931 1920 1126 2008 diligentius
1140 1921 1344 2006 inquirentes
1355 1943 1364 1999 ;

311 2021 487 2110 dequibus
509 2043 585 2090 cum
605 2023 702 2090 vobis
724 2023 921 2105 constiterit,
938 2023 1048 2088 citetis
1070 2044 1125 2088 eos
1146 2021 1365 2110 peremptorie

310 2125 399 2210 quod
421 2130 634 2211 compereant
656 2147 764 2192 eorem
787 2125 893 2202 nobis,
914 2123 970 2189 vel
992 2124 1223 2190 commissoriis
1243 2123 1366 2190 nostris

310 2247 379 2291 uno
401 2227 457 2292 vel
477 2227 637 2313 plmibus,
652 2226 689 2290 in
711 2225 850 2292 Gelilaec
872 2224 1102 2304 Dunolmensi,
1135 2225 1189 2290 die
1212 2225 1366 2291 Mercurii

313 2327 465 2415 proxime
497 2335 573 2414 post
594 2329 717 2395 festum
744 2327 860 2395 Sancti
883 2326 982 2393 Lucae
1006 2327 1236 2414 Evangelistae,
1260 2328 1365 2410 nobis,

313 2451 357 2495 ex
392 2429 488 2495 officii
517 2430 623 2496 nostri
655 2429 775 2514 debito,
799 2452 837 2497 oc
860 2429 958 2496 dictis
981 2430 1149 2516 religiosis,
1172 2451 1270 2517 super
1301 2429 1365 2495 sibi

313 2531 508 2616 objiciendis
544 2533 741 2620 responsuri,
763 2537 799 2598 et
831 2531 909 2618 jure
938 2532 1091 2619 perituri.
1136 2532 1182 2598 Et
1216 2531 1261 2597 ed
1291 2553 1366 2618 pro·

311 2634 480 2700 bationem
501 2634 692 2720 hujusmodi
714 2633 864 2701 mandeti
886 2633 993 2700 nostri
1014 2633 1160 2722 plenarie
1182 2633 1365 2720 adimpleti,

309 2757 378 2815 nos,
401 2737 456 2802 vel
479 2736 718 2803 commissarios
734 2742 874 2816 nostros,
890 2735 934 2801 sd
956 2736 1062 2802 dictos
1085 2735 1172 2802 diem
1188 2742 1223 2802 et
1244 2736 1362 2816 locum,

309 2859 368 2925 per
389 2839 567 2924 praesente's
601 2837 744 2926 [literas]
769 2838 878 2926 sigillo
900 2841 1012 2904 vestro
1046 2839 1193 2924 signatas
1214 2838 1362 2905 reddetis

311 2940 454 3006 dilucide
487 2941 650 3020 certiores,
671 2941 807 3007 nomine
836 2939 1014 3008 citatorum
1048 2940 1186 3006 inferius
1223 2941 1363 3007 subscri·

310 3041 433 3110 bentes.
479 3043 606 3109 Datum
628 3043 717 3131 apud
740 3043 905 3122 Stekton’,
927 3042 987 3129 vj0.
1011 3042 1065 3108 die
1089 3043 1249 3122 Octobris,
1272 3065 1360 3110 enno

303 3143 447 3210 'Domini
468 3158 680 3225 u0..‚ccc⁰nrv⁰
702 3151 738 3212 et
758 3145 1011 3214 consecrationis
1033 3151 1156 3213 nostrae
1179 3146 1304 3232 quinto.

623 3347 794 3427 Ricardus
820 3349 1034 3436 permissione
1072 3346 1197 3425 divine,
1234 3346 1502 3460 D¹¹¹¹⁰l01ie¹²⁵⁰l

577 3451 699 3516 mensis
721 3451 899 3538 episcopus,
925 3449 1079 3517 dilecto
1069 3471 1107 3514 ιιι
1128 3449 1262 3516 Christo
1284 3447 1362 3529 filio,
1375 3465 1499 3570 {memo
1488 3466 1527 3512 vu

311 3551 468 3640 magistro
484 3551 651 3622 Willelmo
672 3553 715 3619 de
730 3552 902 3635 Quichem,
919 3551 1050 3618 officiali
1065 3555 1187 3633 nostro,
1214 3549 1363 3632 sulutem,
1375 3517 1499 3611 illm

310 3656 451 3742 mutiero
467 3661 502 3722 et
512 3655 784 3724 benedictionem
830 3655 1038 3722 Protectotue
1052 3659 1103 3721 est
1118 3654 1239 3742 palem,
1254 3675 1362 3722 coram
1375 3629 1513 3764 ffieorfiedion
1479 3618 1536 3662 Μ

314 3758 419 3836 nobis,
456 3758 599 3825 dilectus
620 3756 719 3836 filius,
757 3756 916 3844 magister
945 3757 1110 3824 Robertus
1132 3758 1173 3823 de
1203 3757 1362 3836 Beldoke,
1375 3770 1416 3814 the
1425 3768 1513 3812 ohumh

315 3859 491 3927 cononicus
512 3866 548 3926 et
579 3860 826 3948 praebendnrius
848 3859 991 3928 ecclesiae
1024 3863 1065 3927 de
1096 3859 1210 3938 Oestr’,
1239 3819 1479 3924 nostraeomem

313 3959 527 4041 discessisse
548 3963 641 4042 velle,
663 3985 724 4050 pro
746 3982 834 4030 enno
862 3962 1059 4050 praesenti,
1050 3985 1086 4027 m
1110 3962 1200 4026 dicte
1230 3959 1364 4026 ecclesie

313 4060 356 4127 de
387 4063 498 4144 Oestr,
520 4066 701 4131 secundum
732 4066 835 4152 ipsius
858 4065 1001 4132 ecclesus
1031 4063 1282 4141 ordinationem,
1304 4081 1364 4146 per

312 4171 446 4253 tempus
459 4167 647 4234 residentiae
663 4167 891 4255 praebenderio
905 4167 1009 4254 ipsius
1032 4163 1174 4230 ecclesiae
1196 4163 1233 4228 in
1248 4162 1362 4230 eudem

312 4267 503 4348 limitatum,
520 4272 670 4351 residere,
694 4292 792 4357 seque
814 4270 858 4336 ed
880 4269 915 4334 id
937 4268 975 4332 in
996 4267 1116 4333 itinere
1146 4265 1363 4332 constitutum

312 4369 437 4436 ibidem
467 4372 628 4458 proficisci
640 4397 649 4454 ;
670 4377 788 4459 petens
818 4371 984 4437 instonter
1020 4389 1041 4436 a
1073 4367 1179 4447 nobis,
1201 4372 1363 4454 quotenus
1471 4421 1486 4440 ,

311 4467 553 4542 ordinationem
584 4473 784 4564 praedictum,
807 4494 907 4560 quem
941 4471 1094 4537 exhibuit
1109 4479 1225 4539 'coram
1260 4470 1362 4551 nobis,

312 4579 419 4664 quood
434 4577 562 4646 fructus
577 4583 612 4646 et
627 4581 807 4667 proventus
825 4574 899 4665 [ed]
914 4597 1085 4644 commuue
1100 4573 1315 4643 residentium
1326 4573 1364 4640 in
