3562 5710
423 813 488 880 986
604 823 804 874 ereremum
826 819 1030 872 rlmrmon
1053 820 1296 871 numennumen.

270 1029 391 1077 annus
421 1008 600 1095 contigerit
621 1030 721 1096 super
743 1007 885 1095 negotiis
907 1005 1093 1072 antedictis.
1139 1005 1184 1068 Et
1207 1003 1269 1068 hoo
1286 1003 1475 1066 nullatenus
1487 1023 1533 1069 ln.
1543 1025 1629 1079 spise.
1638 1027 1659 1068 s.

421 1110 592 1176 omittatis.
638 1109 734 1176 Teste
759 1110 882 1196 meipso
905 1107 995 1194 apud
1010 1105 1351 1186 westmonasterium,
1368 1101 1473 1190 xxvj0.

421 1214 475 1280 die
498 1214 705 1296 Novembris,
728 1233 816 1280 anno
838 1213 931 1299 regni
953 1211 1057 1277 nostri
1081 1211 1229 1298 septimo.

253 1419 389 1514 Qffig
422 1463 503 1514 Breve
526 1461 620 1514 domini
699 1415 892 1491 Edwardus‚
916 1413 979 1479 Dei
1001 1413 1120 1500 gratia,
1142 1434 1203 1478 rex
1218 1411 1359 1498 Angliae,
1382 1411 1474 1477 dom·

252 1519 410 1616 bi⁵h⁰pffloe
421 1530 488 1595 regn
544 1530 615 1596 [pro]
652 1516 728 1582 inus
769 1516 949 1594 Hibernis),
982 1521 1017 1581 et
1052 1516 1122 1580 dux
1153 1513 1354 1600 Aquitaniae,
1376 1535 1474 1578 vene-

252 1571 409 1666 t’tl'twue
422 1595 531 1646 witr-
651 1620 747 1684 usui
790 1621 838 1700 in,
865 1619 997 1684 onusto
1035 1617 1132 1704 patri,
1169 1617 1318 1694 eloneo,
1359 1615 1472 1680 eadem

253 1671 392 1764 imm
421 1717 538 1804 gretia,
568 1719 718 1809 episcopo
748 1721 974 1798 Dunelmensi,
1005 1720 1153 1784 salutem.
1201 1718 1305 1784 Vobis
1334 1721 1473 1795 constat,

422 1824 457 1885 et
488 1842 547 1906 per
572 1822 718 1888 diversas
750 1823 866 1886 mundi
898 1827 1016 1909 partes,
1049 1843 1117 1886 non
1148 1822 1271 1907 absque
1302 1820 1406 1884 nostri
1439 1823 1475 1884 et

421 1922 533 2000 vestri,
548 1946 587 1990 ac
611 1923 759 1989 fidelium
782 1929 978 2001 nostrorum,
1002 1923 1157 1989 dedecore
1180 1921 1342 1987 credimus
1365 1919 1474 1984 divul-

421 2023 501 2108 gari,
533 2025 674 2111 qualiter
705 2025 870 2091 Robertus
893 2023 934 2090 de
965 2025 1059 2106 Brus,
1090 2023 1207 2109 suique
1237 2023 1409 2108 complices
1439 2025 1473 2086 et

422 2127 574 2204 fautores,
597 2128 723 2193 inimici
746 2133 780 2192 et
803 2127 937 2194 rebelles
959 2127 1075 2204 nostri,
1091 2126 1218 2192 dudum
1241 2130 1357 2192 contra
1377 2126 1472 2189 elarae

422 2230 585 2296 memoriae
608 2230 778 2295 dominum
802 2229 1013 2306 Edwardum,
1030 2229 1194 2314 quondam
1210 2249 1319 2314 regem
1334 2227 1472 2312 Angliae,

419 2330 600 2416 genitorem
622 2337 781 2410 nostrum,
798 2331 1063 2420 proditionaliter
1077 2331 1293 2416 insurgentes,
1308 2334 1343 2394 et
1365 2327 1472 2394 adhuc

420 2432 457 2496 in
479 2432 668 2517 hujusmodi
691 2435 866 2500 rebellione
893 2433 1108 2520 pertinaciter
1141 2431 1368 2518 perdurantes,
1402 2443 1471 2496 tam

420 2540 532 2600 nostra
548 2557 646 2621 quam
669 2537 816 2601 fidelium
839 2543 1025 2601 nostrorum
1048 2540 1163 2612 restra,
1186 2533 1354 2611 fortalitio,
1377 2533 1472 2598 villas

420 2641 455 2701 et
477 2643 589 2716 terras,
611 2639 648 2704 in
670 2645 759 2705 terra
780 2645 895 2705 nostra
917 2637 1046 2716 Scotto,
1070 2659 1108 2704 ac
1130 2637 1204 2702 aliis
1226 2637 1324 2702 terris
1349 2637 1472 2701 nostris

419 2737 654 2822 adjacentibus,
684 2742 878 2807 invaserunt
908 2746 943 2807 et
971 2745 1182 2828 occuparunt,
1205 2737 1392 2820 homicidia,
1416 2739 1471 2804 de·

420 2841 648 2926 praedationes,
671 2843 833 2921 incendia,
858 2843 1036 2930 sacrilegia,
1052 2848 1087 2908 et
1109 2843 1176 2908 alia
1197 2841 1372 2907 innumera
1393 2841 1472 2906 faci·

419 2963 508 3020 nora,
521 2942 747 3010 inhumaniter
758 2947 989 3032 perpetrand03
1005 2949 1140 3032 propter
1151 2966 1235 3030 quse,
1245 2944 1472 3010 ordinavimus

419 3049 455 3109 et
463 3065 531 3110 esse
544 3046 765 3132 proponimus,
776 3046 919 3114 Domino
931 3049 1136 3125 concedente,
1145 3047 1198 3112 die
1208 3047 1312 3112 Lunae
1320 3045 1472 3131 proximo

419 3151 497 3211 ante
518 3147 639 3212 festum
663 3147 778 3214 Sancti
793 3150 955 3215 Barnnbae
977 3149 1131 3237 Apostoli
1146 3148 1297 3236 proximo
1310 3148 1470 3225 futurum,

418 3249 506 3335 apud
537 3249 737 3316 Berewicum
768 3273 868 3338 super
899 3251 1063 3330 Twedem,
1086 3271 1160 3316 cum
1191 3249 1282 3336 equis
1306 3255 1340 3315 et
1362 3250 1470 3326 armis,

419 3356 454 3416 et
475 3357 546 3417 toto
569 3353 705 3418 servitio
727 3352 822 3418 nobis
844 3353 964 3431 debito,
988 3352 1031 3418 ad
1054 3352 1324 3439 proficiscendum
1350 3352 1470 3416 exinde

419 3460 535 3520 contra
555 3454 730 3540 predictos
745 3455 895 3521 inimicos
911 3459 945 3520 et
960 3455 1095 3520 rebelles
1113 3460 1250 3532 nostros,
1266 3455 1309 3520 ed
1324 3455 1470 3541 ipsorum

419 3556 628 3622 rebellionem
651 3562 686 3622 et
707 3557 890 3643 nequitiem
912 3558 1054 3622 viriliter
1075 3562 1110 3623 et
1134 3561 1294 3644 potenter,
1310 3578 1384 3622 cum
1407 3555 1471 3621 Dei

418 3658 591 3742 adjutorio,
621 3659 853 3745 reprimendas.
916 3659 960 3724 Et
991 3660 1065 3724 ideo
1087 3659 1180 3724 vobis
1207 3658 1410 3737 mandamus,
1434 3659 1470 3723 in

418 3759 483 3823 fide
506 3764 540 3824 et
563 3760 736 3828 dilectione
759 3761 879 3846 quibus
901 3761 995 3827 nobis
1017 3761 1185 3838 tenemini,
1201 3761 1341 3828 firmiter
1361 3762 1471 3846 injun-

417 3867 540 3949 gentes
575 3864 662 3948 quod
695 3863 738 3929 ad
776 3863 951 3950 praedictos
985 3863 1073 3928 diem
1107 3868 1141 3928 et
1179 3863 1285 3928 locum
1319 3862 1471 3929 habeatis

418 3964 462 4030 ad
483 3985 543 4030 nos
566 3969 675 4030 totum
698 3965 872 4031 servitium
895 3966 983 4051 quod
1013 3965 1109 4031 nobis
1132 3965 1258 4030 debetis
1280 3971 1468 4051 promptum

418 4072 453 4132 et
476 4072 628 4154 peratum
654 4067 696 4132 ad
720 4067 988 4155 proficiscendum
1004 4068 1123 4134 exinde
1145 4068 1316 4133 nobiscum
1339 4073 1469 4134 etcum

418 4170 570 4236 fidelibus
599 4171 722 4236 nostris
744 4176 859 4236 contra
880 4170 1031 4236 inimicos
1054 4176 1088 4236 et
1113 4169 1249 4236 rebeHes
1265 4175 1393 4236 nostros
1416 4193 1469 4236 su-

418 4272 592 4358 pradictos
625 4272 667 4336 ad
690 4271 836 4358 ipsorum
866 4271 1056 4338 induratam
1086 4271 1246 4337 malitiam
1278 4276 1313 4336 et
1342 4277 1469 4358 proter·

419 4373 509 4438 viam
552 4377 704 4460 potenter
739 4378 773 4438 et
805 4373 956 4452 viriliter,
991 4373 1106 4439 divino
1139 4374 1274 4438 favente
1305 4375 1468 4460 presidio,

419 4476 669 4563 reprimendam.
715 4474 761 4541 Et
782 4475 852 4553 hoc,
874 4476 959 4540 sicut
989 4497 1049 4540 nos
1072 4480 1106 4540 et
1128 4474 1285 4541 honorem
1308 4482 1469 4557 nostrum,

420 4581 454 4642 et
477 4583 631 4656 vestrum,
654 4599 692 4643 ac
714 4577 808 4664 regni
837 4577 942 4642 nostri
969 4578 1183 4655 commodum,
1206 4577 1353 4664 diligitis,
1377 4579 1469 4645 nullo

419 4680 517 4744 modo
540 4679 713 4745 omittatis.
758 4680 854 4745 Teste
876 4680 1009 4767 meipso
1026 4680 1115 4766 apud
1131 4680 1468 4762 westmonasterium,

419 4780 529 4869 xxiijo.
552 4781 606 4847 die
627 4780 825 4866 Decembris,
848 4803 935 4850 enno
956 4783 1050 4872 regni
1072 4784 1176 4852 nostri
1199 4786 1346 4872 septimo.
