3362 5720
396 839 595 911 nnoreruun
617 861 820 912 ramnuuu
843 864 1084 915 unumunusn
1179 852 1264 916 1299

41 1037 340 1124 Aer-urucaAliciae,
379 1043 551 1133 Margania
591 1052 626 1113 et
662 1046 829 1128 Dionieiae,
868 1071 935 1118 una
979 1071 1053 1116 cum
1090 1049 1265 1138 maritagio
1293 1065 1426 1120 annua?

214 1144 359 1226 proximi
381 1146 520 1214 haeredis
543 1149 688 1234 ejusdem
710 1150 883 1232 lobannis,
899 1156 934 1218 et
955 1153 1002 1218 sic
1024 1153 1206 1219 custodiam
1229 1157 1264 1218 et

214 1246 425 1336 maritagium
455 1251 678 1338 cujuscunque
700 1251 849 1333 haeredis,
872 1255 975 1321 donec
1004 1255 1125 1342 aliquis
1147 1275 1260 1321 eorum

159 1355 162 1362 ’
213 1344 344 1430 plenam
362 1354 496 1417 aetatem
519 1357 554 1419 et
575 1352 757 1441 legitimam
773 1355 875 1421 fuerit
897 1362 1088 1438 assecutus;
1110 1356 1260 1424 volentes

213 1455 253 1514 ut
285 1451 384 1518 dictae
414 1453 531 1534 Alicio,
564 1455 729 1544 Margania
760 1462 794 1524 ct
826 1458 983 1539 Dionisia,
1015 1460 1057 1525 de
1094 1459 1262 1546 praedictis
1365 1541 1371 1552 ἱ

211 1553 314 1632 terris,
326 1557 531 1639 tenementis,
548 1563 583 1622 et
597 1559 780 1646 maritagio,
791 1582 889 1626 suurn
903 1561 1111 1628 commodum
1126 1561 1260 1640 faciant,

211 1657 246 1718 et
267 1653 355 1721 inter
385 1679 420 1722 se
442 1657 605 1739 dividant,
628 1666 669 1726 ut
700 1662 849 1754 superius
872 1662 1078 1749 exprimitur,
1109 1663 1261 1748 quotiens
1359 1716 1362 1723 .

210 1760 246 1820 et
268 1757 537 1846 qualitercunque
568 1761 685 1828 melius
716 1763 865 1830 viderint
894 1765 1056 1852 expedire.
1102 1765 1145 1829 In
1167 1764 1260 1849 cujus

211 1858 260 1922 rai
297 1859 535 1939 testimonium,
573 1863 719 1950 sigillum
755 1869 907 1931 nostrum
947 1866 1167 1952 praesentibus
1207 1872 1258 1933 est

211 1979 400 2045 appensum.
445 1963 572 2030 Datum
606 1967 696 2053 apud
727 1966 883 2052 Rychale,
917 1981 1011 2034 xxv0.
1045 1967 1099 2034 die
1125 1967 1260 2055 Aprilis,

212 2081 299 2126 anno
334 2061 472 2128 Domini
512 2073 641 2133 maceca
674 2069 903 2148 sextodecimo,
938 2074 973 2134 et
1008 2069 1262 2136 consecrationis

213 2168 335 2230 nostrae
357 2165 482 2250 quinto.
1229 2162 1233 2170 ⁴

213 2347 378 2400 Confirmatio
398 2357 475 2400 m
552 2304 719 2384 Ricardus,
769 2305 833 2372 Dei
869 2307 985 2394 grstia,
1022 2305 1257 2376 Dunolmensis
1276 2326 1401 2388 comma

212 2414 344 2480 Regium
372 2417 404 2466 ce
427 2415 476 2468 ca
510 2407 687 2495 episcopus,
717 2408 869 2474 omnibus
900 2414 1022 2476 sanctae
1062 2411 1180 2476 matris
1212 2432 1261 2478 ec-
1275 2379 1407 2473 iiiiii?

213 2495 290 2532 mera.
509 2508 616 2575 deciae
647 2507 734 2592 filiis,
769 2509 812 2574 ad
841 2531 924 2597 quos
953 2510 1060 2578 literae
1083 2513 1260 2599 praesentes
1275 2477 1426 2576 ffippuus

212 2609 433 2696 pervenerint,
466 2611 613 2676 salutem
675 2604 845 2676 Noveritis
874 2633 942 2691 noa,
965 2612 1059 2678 bonae
1092 2614 1258 2680 memoriae

213 2712 452 2777 venerabilium
482 2716 625 2799 patrum,
651 2712 871 2796 dominorum,
906 2713 1066 2801 Hugonis,
1104 2715 1261 2803 Philippi,

217 2811 279 2900 [ct]
297 2813 439 2894 Ricurdi,
461 2815 735 2902 praedecessorum
749 2821 935 2881 nostrorum
957 2838 1085 2884 necnon
1100 2823 1134 2883 et
1147 2818 1261 2884 fratris

212 2915 360 2996 Guarini,
376 2917 596 3002 procuratoris
611 2915 797 3003 Hospitalis
812 2917 853 2982 de
870 2915 1051 2996 Shirburn’,
1067 2922 1101 2984 et
1123 2918 1264 2985 fratrum

212 3015 366 3101 ejusdem,
383 3017 496 3083 literas
518 3017 706 3104 inspexisse,
723 3018 784 3083 sub
799 3017 970 3084 tenoribus
984 3018 1200 3107 infrascriptis
1212 3047 1267 3087 :—

194 3119 323 3208 .Hugo,
356 3121 421 3187 Dei
452 3121 568 3208 gratia,
614 3120 848 3186 Dunolmensis
890 3121 1068 3209 episcopus,
1115 3124 1268 3190 omnibus

214 3227 336 3290 sanctae
358 3223 475 3291 matris
506 3222 648 3290 ecclesiae
672 3221 759 3300 filiis,
781 3222 825 3287 ad
848 3243 929 3309 quos
952 3224 1059 3292 literae
1086 3231 1265 3311 praesentes

214 3325 434 3411 pervenerint,
468 3325 615 3391 salutem.
663 3323 784 3391 Sciatis
818 3345 878 3389 nos
902 3324 1038 3408 dedisse,
1061 3327 1255 3394 concessisse

215 3430 250 3491 et
278 3427 437 3513 'praesenti
467 3431 559 3492 carta
586 3424 803 3504 confirmasse,
837 3425 1020 3512 Reginaldo
1053 3426 1094 3492 de
1117 3427 1265 3509 Camers,

216 3528 374 3594 servienti
396 3533 516 3610 nostro,
539 3527 723 3594 custodiam
748 3531 853 3613 portae
882 3527 1083 3613 leprosorum
1107 3527 1148 3594 de
1170 3528 1263 3594 Shir-

216 3630 320 3710 buru’,
343 3651 417 3698 cum
436 3629 584 3695 corrodio
606 3651 673 3708 suo,
689 3633 724 3694 et
745 3627 888 3694 hominis
910 3629 971 3707 sui,
995 3634 1030 3695 et
1049 3651 1151 3694 unam
1173 3652 1260 3697 mar·

217 3754 290 3798 cam
312 3755 370 3818 per
392 3752 526 3812 annum,
550 3730 793 3818 percipiendam
824 3731 868 3796 ad
901 3731 983 3796 duos
1004 3731 1163 3797 terminos
1201 3755 1261 3821 pro

217 3834 354 3900 servitio
376 3855 444 3912 suc,
466 3832 598 3912 sufficet,
621 3832 791 3898 dimidiam
815 3853 959 3900 marcam
982 3831 1025 3899 ad
1040 3831 1263 3915 Pentecosten,

217 3941 251 4000 et
273 3935 371 4000 aliam
395 3935 566 4001 dimidiam
588 3955 729 4000 marcam
765 3933 808 3998 ad
830 3933 950 4000 festum
964 3933 1088 4001 'Sancti
1118 3935 1264 4001 Martini.

217 4037 326 4118 Quare
342 4037 493 4103 volumus
508 4041 542 4102 et
556 4036 773 4124 praecipimus,
789 4035 877 4122 quod
892 4035 1048 4123 praefatus
1059 4035 1262 4124 Reginnldus

216 4144 251 4205 et
273 4139 417 4206 haeredes
440 4138 491 4204 sui
513 4139 705 4226 praedictam
726 4135 884 4205 ballivum
906 4137 956 4204 ita
977 4137 1088 4217 libere,
1104 4139 1214 4224 quiete
1229 4142 1264 4205 ot

216 4241 402 4321 honorifice,
419 4241 459 4307 de
481 4241 576 4306 nobis
600 4247 633 4307 et
655 4239 892 4306 successoribus
913 4239 1043 4320 nostrie,
1064 4239 1207 4307 habeant
1230 4244 1264 4306 et

218 4343 415 4431 possideant,
448 4343 533 4409 sicut
567 4341 687 4428 aliquis
725 4341 850 4422 melius,
873 4340 1008 4408 liberius
1039 4345 1074 4406 et
1103 4341 1261 4407 honon'fi-

217 4446 354 4528 centius,
377 4444 522 4532 aliquam
537 4435 694 4510 ballivum
716 4443 753 4508 in
776 4443 964 4530 episcopatu
982 4447 1094 4509 nostro
1109 4441 1150 4510 de
1165 4443 1261 4511 nobis

218 4551 318 4614 tenet.
349 4547 455 4626 Teate,
471 4545 660 4612 Burchardo
676 4549 710 4610 et
725 4544 898 4623 willelmo,
913 4545 1157 4624 archidiaconis,
1174 4546 1266 4612 Hen-

172 4683 176 4692 =
217 4651 285 4716 rico
310 4650 350 4715 de
380 4647 533 4726 Puteaco,
555 4647 712 4735 magistro
736 4644 903 4714 Willelmo
924 4646 1081 4728 Blcsensi,
1108 4649 1265 4736 magistro

218 4751 360 4820 Ricardo
373 4751 415 4816 de
431 4749 659 4838 coldingham,
675 4748 832 4838 magistro
855 4749 1000 4817 Roberto
1023 4748 1064 4816 de
1079 4751 1270 4838 Adiugton’,

1033 4861 1139 4923 ΒΗ
