3562 5710
404 835 491 898 1042
582 844 781 896 anorsraou
805 842 1008 894 omniumr
1028 839 1273 892 nortmanos.

253 1043 375 1092 t1³·1⁸1⁵·
402 1034 532 1103 comitis
555 1035 712 1121 poterunt
733 1029 903 1108 retardari,
918 1028 1130 1114 volentesque
1146 1023 1217 1112 ejus
1241 1021 1455 1090 indemnitati
1469 1029 1625 1084 unusne

403 1138 441 1202 in
461 1137 525 1204 hae
546 1139 639 1222 parte
665 1133 846 1221 providere,
876 1137 916 1198 ut
945 1137 1106 1211 tenemur,
1135 1127 1231 1196 vobis
1260 1126 1456 1192 mandamus

405 1239 495 1326 quod
514 1237 661 1325 captioni
683 1236 859 1304 essisarum
881 1234 1123 1322 praedictarum,
1145 1251 1250 1317 usque
1279 1233 1356 1317 post
1385 1249 1459 1315 per-

403 1341 602 1410 lismentum
635 1339 832 1427 praediotum
854 1336 998 1418 finitum,
1024 1333 1230 1422 supersederi
1251 1331 1403 1411 faoistis;
1426 1335 1460 1396 et

405 1443 467 1511 hoe
496 1442 686 1510 nullatenus
706 1440 880 1508 omittatis.
920 1438 1017 1505 Teste
1041 1438 1175 1526 meipso,
1197 1435 1288 1523 apud
1308 1433 1458 1520 Langele,

407 1549 526 1631 quarto
557 1544 610 1609 die
651 1543 676 1610 J
676 1543 815 1622 aunarii,
845 1563 932 1607 enno
962 1540 1057 1628 regni
1093 1538 1198 1606 nostri
1228 1533 1461 1607 octavo-Per

407 1647 518 1733 ipsum
546 1645 687 1734 [regem]
713 1648 748 1712 et
772 1643 955 1712 eonsilium.

240 1860 372 1958 ,Ἧὲοὲ
409 1863 491 1914 eme
507 1877 553 1928 pro
570 1864 661 1914 nesae
738 1848 931 1926 Edwardus,
969 1845 1033 1911 Dei
1070 1845 1186 1934 gretie„
1224 1865 1285 1910 rex
1320 1843 1460 1930 Angliae,

240 1975 271 2006 ro
307 1963 380 2008 utne

241 1975 386 2059 &3³03on
410 1928 661 2049 {ffifflebffi
694 1950 846 2016 dominus
879 1948 1061 2028 Hiberniae,
1083 1951 1118 2014 et
1155 1947 1225 2013 dux
1262 1946 1462 2033 Aquitaniae,

241 2063 352 2166 mles
411 2061 516 2114 nudie.
695 2051 877 2120 venerabili
922 2052 957 2115 in
1003 2049 1134 2117 Christo
1177 2049 1275 2136 petri,
1314 2048 1463 2124 Ricardo,

241 2165 380 2209 tuamor·
411 2155 526 2222 eadem
555 2154 673 2244 gretia,
696 2153 847 2241 episeopo
870 2152 1094 2230 Dunolmensi,
1116 2151 1265 2219 salutem.
1311 2151 1366 2218 Ad
1386 2171 1460 2237 pos·

240 2214 366 2308 sineri&
410 2258 567 2325 sessiones
609 2263 645 2324 et
676 2255 754 2342 jure
791 2256 962 2322 domorum
1001 2252 1226 2341 religiosorum
1264 2253 1306 2318 de
1350 2257 1461 2318 nostro

240 2313 377 2410 Styg-⁰⁰¹¹*
409 2363 590 2446 patronatu
621 2358 846 2436 existentium,
869 2378 912 2423 ne
933 2377 993 2444 per
1015 2357 1200 2442 aliquorum
1235 2356 1462 2442 usurpationes

409 2463 575 2530 indebitas
618 2461 865 2540 subtrahentur,
902 2459 958 2526 vel
994 2459 1182 2546 aliqualiter
1226 2459 1463 2536 diminuantur,

409 2563 614 2652 temporibus
637 2564 756 2650 quibus
779 2563 897 2629 domus
926 2562 993 2630 iiiae
1014 2561 1052 2626 in
1074 2583 1175 2628 manu
1197 2565 1233 2626 et
1255 2562 1293 2626 in
1314 2561 1464 2628 custodia

409 2673 531 2745 nostre,
564 2666 693 2733 ratione
723 2667 935 2732 vacationum
968 2664 1155 2740 eorundem,
1178 2663 1312 2744 fuerint,
1336 2685 1463 2730 oonser-

412 2769 519 2834 vanda
540 2769 670 2857 integre
691 2773 726 2833 et
747 2767 859 2846 illese,
874 2772 908 2832 et
923 2766 1100 2844 subtracto,
1115 2766 1144 2830 si
1164 2786 1239 2851 quae
1261 2765 1463 2853 temporibus

409 2869 587 2936 earundem
618 2869 829 2938 venationum
851 2867 984 2948 fuerint,
1015 2867 1069 2932 vel
1091 2872 1256 2954 oooupeta,
1278 2867 1461 2934 revocanda

408 2975 443 3035 et
475 2969 513 3034 in
535 2975 660 3037 statum
690 2971 868 3057 pristinum
899 2967 1094 3057 reponenda,
1118 2991 1156 3034 eo
1186 2967 1367 3036 studiosius
1400 2991 1460 3035 nos

328 3101 331 3106 ·
407 3072 563 3141 eonvenit
597 3093 692 3159 opem
714 3077 749 3138 et
771 3093 903 3158 operam
937 3071 1102 3150 adhibere,
1125 3092 1191 3156 qno
1210 3071 1266 3137 ad
1296 3071 1366 3153 hoe,
1390 3077 1459 3139 tam

407 3173 534 3240 ratione
567 3174 667 3262 regie
701 3174 876 3260 dignitatis
909 3178 1039 3253 nostre,
1071 3195 1170 3261 quam
1203 3193 1263 3260 pro
1297 3195 1336 3240 eo
1369 3174 1457 3260 qnod

407 3274 599 3360 hujusmodi
632 3273 850 3363 possessiones
881 3279 917 3342 ot
945 3274 1033 3360 juon,
1061 3281 1209 3362 tempore
1240 3277 1462 3343 restitutionis

408 3378 638 3466 tempolaiium
661 3378 832 3444 domorum
854 3376 996 3459 illarum,
1018 3378 1100 3444 adeo
1131 3378 1262 3467 integra
1290 3379 1464 3445 restituere

409 3485 569 3559 tenemur,
591 3481 676 3548 siout
706 3481 751 3548 ad
784 3501 901 3545 manns
931 3485 1069 3558 nostres,
1099 3481 1457 3549 ratione-voeationum
1583 3551 1589 3564 ,

408 3583 639 3668 praedictarum
661 3582 871 3661 devenerunt,
894 3582 1001 3648 teneri
1023 3581 1230 3662 dinoscimur,
1254 3587 1289 3650 et
1311 3582 1458 3671 astringi

411 3683 497 3750 (ium
531 3684 642 3771 igitur,
677 3687 716 3750 ut
749 3683 939 3770 eoeepimns,
971 3683 1083 3750 dileeti
1116 3685 1211 3751 nobis
1247 3687 1285 3752 in
1322 3681 1463 3764 Christo,

410 3784 513 3851 obbas
546 3791 581 3851 et
611 3789 792 3853 eonventus
825 3786 866 3851 de
900 3785 1022 3853 Sancto
1053 3786 1183 3853 Albano
1212 3788 1461 3856 advooationem

411 3885 554 3954 ecolesiae
576 3886 618 3954 de
640 3886 915 3966 Overoonosolive‚
931 3888 972 3954 de
1002 3888 1089 3955 dono
1112 3895 1146 3954 et
1167 3891 1372 3958 oonoessione
1395 3891 1463 3957 Gil-

409 3987 498 4054 berti
534 3987 718 4069 Denohard,
750 3989 916 4075 quondam
950 3990 1078 4056 domini
1108 3992 1249 4058 manerii
1286 3993 1328 4059 de
1360 3993 1462 4060 Over·

410 4089 597 4169 oonesolive‚
625 4097 659 4156 et
680 4091 811 4179 patroni
834 4091 977 4159 eoolesiee
998 4091 1176 4180 praedictae,
1200 4101 1234 4160 et
1258 4095 1462 4162 oonoessione

410 4195 445 4257 et
468 4191 715 4259 confirmatione
738 4193 941 4260 diversorum
955 4193 1124 4262 haemdum
1146 4217 1287 4278 suorum,
1301 4219 1340 4266 ao
1363 4199 1462 4264 etiem

408 4293 656 4361 confirmatione
678 4295 884 4362 dominorum
899 4296 1033 4364 Rieerdi
1054 4302 1090 4363 et
1112 4297 1284 4379 Johannis,
1299 4299 1466 4386 qnondam

410 4395 544 4482 regum¹
568 4397 707 4484 Angue,
722 4398 969 4485 progenitorum
984 4404 1215 4479 nostrorum‚e
1236 4423 1357 4490 magno
1379 4409 1465 4469 tem·

784 4623 792 4658 ²
804 4625 901 4694 requae]
913 4625 985 4694 regni
995 4626 1023 4680 in
1034 4626 1093 4682 MS.
