3564 5744
406 798 493 863 1134
583 813 783 864 nnsrsrsuu
806 811 1011 863 rsesrruun
1033 811 1276 863 nuumunssn

250 931 306 980 nn.
314 935 372 982 1311.

400 1017 460 1060 nos
484 995 620 1074 dedisse,
650 996 850 1077 concessisse,
874 1002 909 1061 et
938 994 1094 1082 praesenti
1116 1000 1208 1061 cartu
1236 999 1351 1062 nostra
1380 1016 1631 1070 con-Assum.

400 1097 555 1178 firmasse,
581 1094 747 1162 Willelmo
769 1098 810 1162 de
841 1096 1046 1182 Knyeheley,
1068 1117 1129 1183 pro
1151 1097 1304 1183 homagio
1334 1101 1369 1164 et
1390 1120 1455 1164 ser-

399 1197 487 1264 vitio
513 1219 580 1275 suo,
603 1198 718 1272 uillam
744 1198 786 1264 de
809 1197 1013 1284 Knycheley,
1035 1219 1112 1262 eum
1141 1199 1356 1284 pertinentiis
1377 1199 1454 1278 suia,

399 1303 435 1364 et
466 1298 618 1366 omnibus
648 1299 753 1378 terris,
787 1299 886 1366 cultis
917 1303 952 1364 ot
983 1321 1051 1364 non
1082 1299 1188 1378 cultis,
1220 1301 1307 1366 siout
1332 1300 1454 1386 jacent,

399 1421 481 1486 quas
496 1400 585 1466 idem
600 1399 785 1466 Willelmus
806 1398 893 1466 eires
906 1420 1058 1486 eampum
1078 1421 1176 1465 suum
1191 1401 1232 1466 de
1248 1401 1453 1487 Knyeheley,

400 1524 442 1569 ex
472 1507 612 1590 utraque
645 1507 748 1588 parte,
780 1524 839 1588 per
872 1502 1028 1588 percellas
1058 1502 1177 1568 hebuit
1209 1507 1244 1567 et
1273 1503 1384 1568 tenuit
1414 1503 1455 1568 de

400 1603 560 1672 scaccario
597 1607 710 1668 nostro
747 1602 973 1680 Dunolmensi,
1006 1602 1061 1667 die
1106 1602 1319 1669 confectionis
1356 1603 1455 1689 hujus

400 1709 507 1772 cartae.
555 1705 715 1770 Dedimus
737 1705 847 1784 otiam,
870 1709 905 1771 et
928 1703 1144 1771 concessimus
1167 1705 1275 1770 eidem
1289 1705 1455 1772 Willelmo

400 1826 513 1872 omnes
535 1810 648 1885 terras,
664 1806 770 1870 cuites
792 1810 827 1871 et
841 1827 910 1871 non
933 1806 1047 1884 cultae,
1062 1827 1144 1891 ques
1166 1805 1255 1871 idem
1269 1806 1457 1872 Willelmus

400 1908 512 1974 tenuit
525 1909 562 1972 in
577 1907 719 1993 quodam
733 1907 812 1985 loco,
828 1907 887 1993 qui
900 1912 1038 1973 vocatur
1060 1915 1077 1942 “
1088 1907 1119 1972 le
1133 1907 1398 1993 Bradstrothyr,”
1421 1915 1456 1974 et

399 2010 437 2075 in
459 2010 524 2076 alio
545 2009 624 2087 loco,
649 2010 707 2095 qui
727 2014 865 2076 vocatur
888 2009 946 2074 “le
969 2006 1156 2095 Espmore,''
1173 2009 1275 2094 juxta
1304 2031 1456 2097 campum

400 2112 441 2177 de
466 2110 659 2192 Grencrolt’,
682 2132 725 2176 ex
747 2116 887 2196 utreque
903 2115 1008 2196 parte,
1030 2110 1117 2176 sieut
1135 2109 1272 2195 jacent3
1295 2116 1330 2177 et
1344 2132 1455 2178 omnes

399 2217 506 2280 terras
528 2218 563 2279 et
577 2217 774 2290 tenementa,
790 2233 864 2297 quae
887 2217 921 2277 et
936 2233 1018 2298 ques
1034 2212 1123 2277 idem
1138 2211 1323 2278 Willelmus
1345 2213 1455 2279 tenuit

394 2314 497 2400 juxta
525 2315 675 2392 Holnset,
707 2336 749 2379 ex
776 2314 965 2379 dimissione
995 2318 1029 2380 et
1059 2313 1262 2380 concessione
1291 2313 1455 2381 Johennie

399 2417 440 2482 de
468 2416 618 2496 Holnset,
641 2416 678 2480 in
712 2415 854 2501 quodam
876 2415 946 2482 loco
968 2413 1027 2500 qui
1049 2418 1185 2480 vocatur
1208 2414 1455 2496 “Werlendes,”

400 2518 499 2583 simul
521 2539 597 2583 cum
619 2521 693 2586 toto
714 2538 813 2585 cursu
835 2537 930 2602 aquae
952 2515 1113 2581 currentis
1128 2515 1217 2581 inter
1239 2536 1391 2602 campum
1415 2517 1456 2583 de

399 2618 595 2686 Warlsndes
631 2624 665 2684 et
695 2618 838 2704 Wetley,
868 2617 1057 2683 habendum
1088 2622 1122 2683 et
1157 2617 1338 2683 tenendum
1368 2620 1456 2685 dieto

399 2720 575 2799 Willelmo,
590 2719 776 2786 haeredibus
799 2725 834 2784 et
856 2717 1031 2806 assignetis
1053 2718 1129 2799 suis,
1145 2719 1186 2783 de
1210 2719 1306 2784 nobis
1329 2725 1363 2786 et
1385 2741 1455 2788 sue·

398 2822 580 2890 sessoribus
601 2821 731 2900 nostris,
755 2820 865 2902 libere,
889 2821 1008 2906 quiete,
1031 2819 1068 2884 in
1091 2819 1252 2899 omnibus,
1275 2822 1311 2886 in
1341 2844 1454 2908 perpe-

398 2926 504 3002 tuum,
534 2943 608 2986 cum
638 2942 813 2987 commune
846 2926 998 3007 pestem,
1028 2921 1207 2988 housebote
1241 2927 1275 2986 et
1303 2922 1455 3009 haybote,

398 3023 485 3088 inira
514 3022 644 3090 werdae
666 3022 871 3109 Langeeestr’
903 3027 937 3088 et
960 3021 1072 3102 Oestr’,
1104 3023 1191 3089 sicut
1213 3028 1248 3088 et
1276 3024 1336 3089 alii
1358 3025 1453 3090 liberi

397 3129 548 3192 tenentes
570 3125 675 3190 nostri
697 3123 784 3188 infre
804 3125 910 3190 dictas
932 3126 1060 3191 werdes
1089 3125 1223 3191 liberius
1246 3126 1370 3194 hebent
1382 3152 1391 3209 ;
1423 3133 1456 3194 at

398 3226 508 3292 dietus
529 3225 722 3305 Willelmus,
737 3226 883 3292 haeredes
905 3231 940 3292 et
961 3227 1119 3312 assignati
1145 3226 1226 3314 [sui]
1251 3249 1293 3293 ex
1315 3230 1456 3316 propriis

398 3328 505 3414 porois
528 3327 596 3393 suis
618 3327 706 3394 infra
726 3328 831 3394 diotae
854 3328 982 3394 werdae
1005 3329 1109 3413 quieti
1132 3329 1200 3393 sint
1215 3330 1255 3394 de
1270 3332 1454 3418 pannagio:

398 3429 565 3495 reddendo
588 3429 666 3494 inde
688 3430 862 3496 annuatim
884 3429 980 3494 nobis
1010 3433 1045 3494 et
1070 3430 1307 3497 suecessoribus
1332 3433 1455 3498 nostris

364 3541 366 3549 ⁴
398 3531 492 3618 lxvij.
515 3532 635 3598 solidos
666 3536 701 3596 et
733 3552 837 3596 unum
870 3530 1043 3597 denerium
1066 3533 1206 3618 argenti,
1236 3535 1280 3598 cd
1314 3539 1455 3619 quatuor

397 3634 479 3698 unni
508 3634 666 3700 terminos
688 3627 889 3720 principales
913 3632 950 3696 in
972 3631 1161 3719 episcopatu
1191 3640 1304 3701 nostro
1328 3635 1454 3702 Dunol·

398 3735 504 3800 mensi
542 3734 763 3814 constitutos;
808 3740 843 3798 et
879 3732 1029 3799 faciendo
1066 3756 1178 3800 omnes
1214 3741 1317 3804 sectas
1354 3737 1454 3805 euriae

397 3835 520 3902 nostrae
550 3834 793 3914 Dunolmensis,
824 3856 883 3920 pro
914 3834 1067 3928 omnibus
1100 3835 1276 3922 [servitiis]
1315 3840 1352 3903 in
1382 3861 1453 3925 per-

396 3942 543 4024 petuum
590 3936 751 4002 Volumus
774 3936 883 4015 etiam,
908 3940 943 4002 et
973 3938 1187 4016 concedimus,
1210 3959 1269 4024 pro
1300 3941 1397 4006 nobis
1420 3945 1455 4007 et

397 4038 634 4107 successoribus
648 4038 779 4119 nostris,
794 4038 881 4122 quod
897 4038 1075 4124 praedictus
1091 4039 1283 4119 Willelmus,
1298 4025 1452 4122 haeredes,

397 4146 432 4207 et
457 4141 615 4228 assignati
646 4140 708 4218 sui,
741 4139 887 4206 habeant
922 4145 956 4205 et
987 4144 1124 4206 teneant
1155 4142 1265 4206 omnia
1296 4145 1455 4230 praedicte

396 4248 596 4322 tenemento,
623 4248 657 4308 et
680 4247 785 4308 terres
812 4241 996 4329 praedictas,
1019 4242 1060 4308 de
1081 4241 1178 4308 nobis
1204 4249 1239 4309 et
1261 4248 1452 4312 successori·

396 4346 458 4411 bus
480 4345 610 4424 nostris,
625 4345 661 4410 in
683 4347 888 4430 perpetuum,
904 4344 941 4408 in
962 4343 1058 4410 feodo
1081 4349 1115 4410 et
1136 4345 1339 4426 haereditete‚
1355 4354 1390 4413 et
1411 4349 1455 4416 cd

396 4448 617 4514 claudendum
633 4451 675 4512 ut
689 4467 785 4510 suum
808 4445 962 4532 separale,
978 4446 1130 4511 omnibus
1145 4450 1349 4535 temporibus
1365 4451 1453 4531 anni.

397 4549 440 4613 In
462 4549 556 4632 eujus
578 4548 627 4614 rei
648 4547 884 4626 testimonium,
908 4547 1064 4632 praesenti
1088 4554 1188 4615 cartae
1209 4551 1353 4637 sigillum
1375 4573 1451 4617 nos·

395 4656 484 4715 trum
507 4657 558 4718 est
581 4671 768 4738 appensum.
815 4649 893 4715 Hiis
915 4649 1067 4745 testibus,
1091 4655 1150 4717 eto.
1197 4651 1323 4718 Datum
1346 4657 1407 4721 ete.
