3506 5702
482 810 681 862 asorsrauu
703 809 907 860 sanlrruuu
930 811 1170 862 uuunnusrsn
1290 795 1357 866 797

133 1005 291 1058 sanasse
304 994 375 1071 bus,
394 993 497 1080 juxta
519 1015 637 1060 verum
660 993 805 1060 valorem
840 994 1029 1060 eorundem.
1076 995 1122 1059 Et
1154 995 1182 1058 si
1214 1015 1273 1080 per
1303 993 1356 1057 in·
1387 1004 1508 1050 Adi-1³¹⁰·

304 1096 515 1182 quisitionom
550 1096 644 1161 illam
676 1095 819 1161 inveniri
850 1095 1037 1184 contigerit,
1061 1096 1149 1182 quod
1179 1096 1357 1182 praedictus

305 1197 474 1263 Johannes
496 1198 642 1264 tonuerit
664 1197 700 1262 in
722 1198 812 1263 dicto
833 1198 917 1263 festo
946 1202 1092 1264 castrum
1121 1201 1156 1262 et
1187 1197 1356 1262 baroniam

306 1299 471 1386 praedicta,
487 1321 562 1365 cum
577 1298 795 1386 pertinentiis,
811 1320 869 1364 seu
884 1299 997 1385 aliqua
1011 1299 1077 1364 alia
1098 1303 1202 1365 terras
1217 1303 1252 1364 et
1266 1304 1357 1364 tene·

307 1405 420 1466 menta
441 1400 478 1464 in
500 1401 690 1487 episcopatu
712 1400 881 1486 praedicto,
905 1405 945 1466 ut
968 1399 1164 1487 preadictum
1194 1404 1254 1478 est,
1277 1404 1358 1466 tunc

307 1501 478 1567 baroniam
509 1501 603 1566 illam
637 1507 672 1567 et
705 1507 859 1580 castrum,
881 1523 956 1568 cum
991 1501 1208 1588 pertinentiis,
1231 1522 1358 1568 necnon

306 1602 418 1670 omnia
440 1601 506 1667 alia
526 1608 632 1668 terras
655 1607 690 1668 ct
711 1607 904 1670 tenemento
925 1603 1093 1691 praediota,
1115 1624 1189 1689 quae
1212 1603 1259 1669 sic
1281 1603 1358 1669 sub·

307 1709 415 1772 tracta
436 1704 572 1784 fuerint,
595 1705 649 1770 vel
681 1723 742 1790 per
775 1708 914 1770 mortem
946 1703 1133 1790 hujusmodi
1171 1705 1357 1772 tenentium

307 1805 495 1885 acciderint,
519 1806 555 1872 in
577 1805 799 1891 cujuscunque
829 1806 883 1872 vel
906 1795 1181 1892 'quorumcunque
1204 1805 1358 1872 manibus

308 1909 462 1986 existant,
478 1907 548 1974 sine
563 1906 721 1984 dilatione
744 1907 882 1994 capiatis
896 1909 932 1972 in
947 1928 1082 1974 manum
1096 1913 1253 1986 nostram,
1270 1915 1304 1974 et
1319 1929 1359 1974 ea

308 2011 399 2075 salvo
414 2008 573 2075 custodiri
596 2007 748 2088 faciatis;
778 2008 827 2074 ita
850 2008 938 2093 quod
961 2009 1002 2074 de
1024 2009 1169 2075 exitibus
1191 2010 1269 2076 inde
1284 2031 1357 2096 pro·

308 2109 518 2176 venientibus
538 2108 633 2174 nobis
654 2109 892 2195 respondeatur
915 2110 958 2174 ad
981 2112 1175 2176 scaccarium
1198 2118 1356 2178 nostrum.

309 2214 353 2276 Et
374 2208 624 2297 inquisitionem
646 2209 849 2296 praedictam‚
864 2210 1020 2277 distincte
1043 2217 1077 2276 et
1099 2217 1212 2299 aperte
1226 2213 1358 2292 factam,

308 2334 376 2378 una
397 2333 472 2378 cum
494 2316 565 2376 toto
587 2309 674 2376 sacto
690 2315 798 2376 vestro
813 2310 850 2374 in
864 2311 925 2377 hac
939 2317 1041 2396 parte,
1056 2313 1159 2392 nobis,
1175 2314 1237 2379 sub
1252 2314 1358 2400 sigillo

308 2421 426 2490 vestro,
442 2419 477 2479 et
492 2411 609 2498 sigillis
625 2432 739 2476 eorum
753 2432 812 2498 per
827 2433 909 2498 quos
924 2412 1096 2497 inquisitio
1111 2413 1169 2478 illa
1184 2414 1274 2481 iacta
1287 2415 1357 2481 fue-

308 2516 361 2594 rit,
377 2513 526 2593 mittatis,
542 2517 577 2578 et
591 2511 654 2579 hoc
676 2511 776 2578 breve
791 2538 797 2578 :
820 2513 870 2577 ita
892 2513 981 2598 quod
995 2535 1034 2578 ea
1048 2512 1227 2580 habeamus
1249 2537 1357 2582 coram

308 2616 402 2682 nobis
417 2621 452 2682 ct
474 2613 610 2681 concilio
626 2618 745 2690 nostro,
762 2613 804 2679 ad
820 2614 1074 2700 parliamentum
1089 2622 1250 2698 nostrum,
1269 2618 1358 2704 quod

309 2720 346 2783 in
368 2717 495 2784 octabis
518 2715 633 2782 Sancti
656 2715 793 2780 Hillarii
815 2716 967 2802 proximo
989 2716 1095 2782 futuri
1128 2740 1242 2785 sumus
1268 2719 1358 2806 apud

310 2819 499 2885 Karliolum
536 2816 692 2883 habituri.
747 2816 845 2882 Teate
877 2818 1010 2905 meipso,
1041 2819 1131 2905 apud
1162 2821 1356 2899 Ianrecost',

308 2919 381 3007 iiij⁰.
405 2920 459 2990 ,die
483 2918 693 2997 Novembris,
715 2939 802 2984 anno
825 2919 921 3006 regni
951 2921 1055 2986 nostri
1079 2920 1358 3008 mapa-Pm-

308 3029 405 3089 textu
428 3021 524 3108 cujus
546 3021 666 3098 brevis,
689 3027 786 3106 capta
807 3019 873 3087 fuit
896 3022 1068 3107 inquisitio
1090 3024 1178 3110 apud
1202 3023 1356 3092 Castrum

307 3125 478 3205 Bernardi,
513 3122 575 3209 xj0.
606 3122 661 3188 die
693 3122 894 3203 Decembris,
927 3145 1015 3190 anno
1049 3127 1142 3213 regni
1173 3127 1259 3213 regis
1290 3127 1357 3193 Ed-

308 3228 421 3304 wardi‚
468 3225 531 3290 filii
579 3224 664 3310 regis
715 3223 852 3289 Henrici
901 3234 1025 3306 xxxv⁰.,
1066 3247 1173 3293 coram
1220 3229 1357 3315 praefato

309 3329 457 3396 Roberto-
486 3329 528 3393 de
560 3325 726 3411 Olyfford’,
757 3326 893 3392 custode
924 3327 1089 3394 libertatis
1120 3329 1294 3414 pradictus,
1321 3331 1357 3394 in

308 3430 483 3518 praesentia
519 3427 650 3515 praefati
689 3426 832 3492 Galfridi
871 3428 912 3494 dc
949 3428 1143 3515 Hertrepol’‚
1182 3430 1355 3495 servientis

309 3532 436 3598 domini
458 3531 554 3618 regis,
578 3551 639 3616 per
660 3528 770 3594 Adam
794 3529 834 3594 de
857 3529 1058 3616 Hendeleye,
1081 3531 1283 3597 Willehnum
1316 3532 1357 3597 de

308 3625 451 3712 Alwent,
469 3631 653 3697 Walterum
677 3631 718 3696 de
741 3630 953 3719 Lutrington,
968 3631 1150 3698 Robertum
1166 3633 1207 3699 de
1229 3635 1357 3700 Amun-

309 3735 426 3814 devill’‚
439 3733 623 3798 Walterum
640 3732 681 3798 de
697 3731 848 3810 Denton’,
861 3731 1045 3798 Walterum
1060 3733 1168 3799 filium
1183 3734 1207 3802 J
1207 3735 1355 3818 ohannis,

309 3835 523 3902 Laurentium
542 3832 746 3920 Godynogh',
764 3833 944 3900 Henricum
968 3833 1139 3913 Oisaorem,
1154 3836 1355 3903 Willelmum

311 3937 341 4002 le
364 3937 464 4012 Rous,
486 3933 689 4000 Willelmum
711 3934 753 4000 de
776 3934 947 4014 Hovaden,
970 3935 1175 4001 Willelmum
1199 3938 1299 4016 Belle,
1324 3943 1358 4004 et

311 4037 485 4103 Warinum
519 4035 753 4113 Forestarium‚
785 4035 915 4120 juratos
949 4043 983 4102 et
1020 4037 1224 4104 examinatos
1261 4060 1359 4124 super

311 4139 465 4204 omnibus
487 4137 633 4203 articulis
655 4137 804 4222 superius
826 4137 863 4202 in
885 4135 981 4202 brevi
1001 4138 1172 4203 contentis.
1219 4139 1285 4220 Qui
1309 4141 1359 4204 di-

310 4249 391 4308 cunt
405 4261 502 4326 super
516 4243 756 4304 sacramentum
772 4259 877 4318 suum,
894 4239 982 4322 quod
997 4239 1174 4326 praedictus
1188 4239 1212 4305 J
1213 4240 1359 4306 ohannes

213 4423 217 4428 Ι
259 4331 260 4336 ¹
310 4346 350 4410 de
385 4341 525 4408 Balliolo
555 4338 666 4406 tenuit
700 4339 823 4404 dictam
857 4338 1027 4404 baroniam
1050 4345 1085 4406 et
1107 4349 1260 4421 castrum,
1283 4356 1362 4410 oum'

309 4443 530 4533 pertinentiis,
545 4442 582 4506 in
597 4440 760 4536 dominico
782 4461 850 4517 suo,
866 4446 905 4506 ut
928 4440 968 4506 ds
991 4440 1095 4519 feodo,
1111 4443 1147 4506 in
1162 4444 1250 4511 dicto
1274 4447 1357 4513 festo

311 4548 449 4628 Natalis,
466 4566 553 4612 anno
576 4542 669 4629 regni
691 4542 775 4628 regis
791 4541 948 4607 Edwardi
971 4542 1075 4629 xxij⁰.,
1090 4548 1124 4609 et
1142 4552 1255 4630 postea
1269 4571 1357 4636 qure-

310 4652 386 4717 dam
408 4657 512 4715 terras
535 4651 570 4712 et
592 4650 780 4711 tenementa
796 4643 835 4710 de
851 4643 940 4710 dicta
955 4645 1090 4712 baronia
1112 4669 1214 4734 usque
1236 4650 1355 4719 festum

312 4751 512 4818 Natiuitatis
527 4747 641 4816 Sancti
656 4744 680 4810 J
682 4745 820 4811 ohannis
843 4746 1011 4833 Baptistae,
1026 4770 1113 4814 anno
1132 4749 1255 4840 [regni]
1271 4756 1357 4844 regis
