3562 5710
392 793 479 856 1048
580 799 778 852 naorsrsmr
801 796 1003 847 ranarmmr
1025 789 1268 844 unumunusa

242 1011 363 1056 annm
394 994 430 1056 in
454 989 640 1078 praemissis,
662 984 791 1052 facietis
813 982 969 1059 celeriter,
993 985 1093 1067 prout
1110 976 1238 1062 justum
1261 976 1371 1052 fuerit,
1394 994 1445 1038 re-
1458 989 1618 1042 aarum

392 1113 519 1171 vocare,
553 1091 726 1177 ipsumque
760 1083 973 1170 Redulphum
1004 1081 1126 1160 taliter,
1150 1078 1329 1144 secundum
1359 1075 1445 1162 juris

396 1193 606 1280 exigentiam,
639 1187 841 1276 pertractari,
874 1185 962 1271 quod
994 1182 1161 1268 querelam
1193 1179 1271 1244 iude
1303 1177 1445 1264 amplius

393 1297 582 1361 nullatenus
616 1292 798 1367 audiamus,
830 1309 888 1374 per
926 1286 1023 1372 quod,
1061 1285 1097 1347 in
1134 1281 1238 1350 vestri
1272 1280 1445 1357 defectum,

396 1419 531 1464 manum
554 1396 597 1461 ad
626 1395 688 1460 hoc
711 1392 887 1458 debeamus
912 1407 1076 1475 apponere
1109 1385 1303 1472 graviorem.
1349 1381 1446 1446 Teste

396 1501 528 1585 meipso,
569 1495 659 1583 apud
704 1491 1044 1566 westmonasterium,
1078 1508 1159 1552 xxv,
1199 1485 1253 1550 die
1283 1483 1447 1560 denum-ii,

395 1621 483 1668 anno
505 1598 599 1686 regni
620 1596 726 1662 nostri
749 1601 874 1660 octove.

229 1813 386 1910 masengi
398 1843 701 1907 Brevcadiuquirendum
780 1793 950 1869 Riffldus’
982 1790 1194 1880 Plinniflssifflle
1222 1789 1346 1868 diVinas
1379 1793 1448 1862 0ch

229 1911 440 1978 ocmrmoetoqui
477 1911 551 1960 fuerit
582 1910 703 1960 collector
735 1895 854 1960 dilecto
875 1895 969 1960 filio.
994 1891 1146 1962 ,officiali
1161 1896 1282 1970 nostre,
1299 1890 1448 1965 salutm,

229 1965 360 2119 ἓξὲξ
398 1977 701 2118 bibiiniegiffi’oeigi}
735 2003 794 2063 eic·
853 1997 958 2061 Breve
1005 1995 1131 2113 domini
1149 2099 1155 2112 .
1176 1993 1271 2080 regis,
1326 1997 1378 2056 etc
1395 2016 1449 2054 2-

229 2115 347 2210 ἔξω.
355 2165 380 2208 01
399 2124 554 2238 {gregem
572 2123 644 2173 rem
663 2124 701 2186 ou
735 2101 926 2177 edwardus,
964 2099 1028 2164 ue
1072 2105 1188 2186 grace,
1225 2119 1284 2162 rex
1306 2095 1447 2181 Augure,

231 2215 366 2317 cirotecay
504 2176 600 2225 ’ΜΟ
611 2189 691 2238 '⁸⁸⁰¹‘
733 2203 885 2267 dominus
902 2201 1083 2278 Hiberniae,
1106 2205 1141 2265 et
1163 2197 1233 2264 dux
1247 2197 1449 2284 Aquitaniae,

361 2317 386 2358 ro
399 2304 580 2371 venerabili
618 2303 654 2367 in
691 2302 824 2370 Christo
861 2303 958 2390 patri,
991 2303 1141 2379 Ricardc,
1178 2301 1293 2366 eadem
1329 2299 1447 2386 gratia,

229 2415 385 2460 achoeinrhs
400 2405 618 2472 Dunolmensi
664 2406 823 2492 episcope,
860 2406 1010 2470 salutem.
1044 2402 1143 2470 ·Cum
1181 2403 1286 2468 clerus
1317 2400 1450 2487 Angliae

230 2466 385 2600 mmor·
400 2510 560 2576 decimam
576 2508 723 2573 omnium
745 2509 904 2574 bonorum
928 2506 1151 2595 spiritualium
1168 2512 1202 2571 et
1216 2503 1449 2592 temporalium

398 2613 495 2678 clerae
526 2610 692 2678 memoriae
722 2609 855 2675 domino
877 2608 1050 2685 Eduardo,
1080 2629 1186 2695 nuper
1216 2608 1286 2695 regi
1309 2607 1450 2693 anglie,

287 2751 291 2760 ·
399 2713 487 2798 patri
518 2717 638 2790 nostro,
674 2711 710 2774 in
741 2711 925 2776 subsidium
959 2731 1064 2787 suum,
1099 2731 1186 2774 anno
1217 2710 1311 2796 regni
1345 2709 1450 2795 ipsius

229 1815 351 1861 ’l‘hebiabo

229 2265 351 2360 ereb

229 2327 355 2418 rhoffi

399 2919 493 3000 pater
518 2917 639 2992 noster,
661 2918 829 2999 praetextu
863 2912 1077 2978 concessionis
1108 2913 1283 2999 proedictae,
1308 2913 1451 2998 priorem

400 3015 654 3081 Dunolmensem
681 3014 884 3080 collectorem
911 3015 1047 3080 decimae
1080 3015 1248 3102 praedictae
1277 3015 1313 3080 in
1329 3014 1452 3102 episco-

400 3123 482 3206 petu
509 3115 726 3181 Duuolmensi
747 3117 945 3202 deputasset,
972 3137 1010 3181 oe
1037 3117 1254 3202 postmodum,
1284 3123 1451 3203 comperto

401 3220 443 3284 ad
468 3218 670 3284 scaccarium
693 3223 843 3282 nostrum
864 3218 971 3304 ipsum
997 3217 1138 3304 priorem
1161 3222 1350 3304 compotum
1372 3219 1451 3283 inde

401 3321 492 3386 dicto
507 3320 596 3406 patri
606 3325 728 3396 nostro,
739 3325 799 3385 aut
813 3319 917 3400 nobis,
927 3318 1087 3384 hactenus
1096 3309 1244 3384 nondum
1260 3319 1425 3385 reddidiss

401 3423 488 3487 idem
521 3421 610 3508 prior
643 3419 812 3486 districtus
845 3419 1000 3485 veniendi
1024 3420 1067 3485 ed
1089 3421 1212 3486 dictum
1245 3419 1452 3488 Sceccerium

401 3530 559 3600 nostrum,
583 3523 625 3587 ad
656 3522 860 3588 reddendum
897 3522 993 3586 nobis
1023 3530 1212 3609 compotum
1245 3525 1453 3609 praedictum,

403 3624 496 3690 venit
528 3624 651 3688 ibidem
684 3645 743 3710 per
772 3627 976 3689 attornetum
1007 3645 1112 3705 suum,
1136 3629 1179 3704 et,
1218 3626 1379 3692 allocutus
1411 3628 1453 3691 de

402 3729 552 3812 compoto
574 3725 740 3812 praedicto,
770 3725 943 3805 asserebat,
966 3725 1075 3811 ipsum
1104 3734 1186 3794 tunc
1219 3728 1362 3815 priorem
1394 3730 1454 3795 do·

405 3848 477 3892 mus
491 3827 667 3914 praedictce,
683 3829 750 3890 non
764 3826 875 3908 fuisse,
891 3848 951 3891 nec
966 3829 1234 3913 praedecessorem
1250 3853 1355 3914 suum,
1372 3837 1454 3898 tunc

404 3929 546 4017 priorem
561 3928 683 3993 ibidem
699 3927 800 3994 ullam
816 3927 1074 3994 commissionem
1089 3931 1131 3994 ad
1147 3930 1270 3998 dictam
1292 3933 1453 4000 decimam

404 4030 587 4110 levandam,
603 4050 662 4094 seu
676 4028 901 4116 colligendam,
923 4051 1070 4116 unquam
1092 4032 1258 4119 recepisse,
1278 4057 1340 4102 nec
1364 4039 1453 4121 quie·

405 4152 504 4218 quern
536 4130 613 4194 inde
644 4131 768 4196 levasse
792 4130 957 4196 instanter
982 4133 1197 4218 supplicando
1231 4136 1272 4202 de
1304 4143 1455 4224 compoto

405 4231 563 4320 predicto
592 4232 726 4318 penitus
756 4233 933 4298 exonerari.
980 4233 1127 4319 Cumque
1159 4257 1220 4302 nos
1249 4237 1290 4303 de
1312 4239 1456 4303 veritate

405 4333 486 4401 facti
507 4333 542 4397 in
564 4332 627 4398 hac
649 4339 743 4420 perte
759 4334 899 4399 velimus
921 4333 1048 4420 plenius
1072 4337 1247 4416 certiorari,
1264 4339 1455 4425 priusquam

405 4437 441 4501 in
473 4435 607 4522 negotio
629 4436 785 4521 praedicto
819 4435 959 4502 ulterius
989 4439 1208 4524 procedemus,
1232 4441 1268 4517 si,
1292 4440 1456 4520 videlicet,

405 4537 494 4603 idem
528 4537 626 4623 prior,
657 4541 716 4600 aut
747 4537 963 4624 praedecessor
996 4560 1083 4617 suus,
1117 4539 1171 4606 vel
1208 4541 1292 4606 alius
1322 4544 1457 4608 nomine

407 4639 560 4728 ipsorum,
584 4638 757 4725 quicquam
782 4640 824 4705 de
846 4640 1003 4728 praedieta
1024 4639 1151 4706 decima
1174 4641 1377 4728 collegerunt
1399 4665 1456 4710 seu
