3538 5712
443 813 529 876 1090
618 825 818 901 srsrsrnau
840 823 1042 875 rmsmsuu
1065 823 1309 874 ousanunusu
1414 857 1420 868 .

289 1025 345 1070 Al>-
353 1028 411 1070 1³1⁵·
441 1015 602 1092 davimus,
639 1013 729 1100 quod
764 1013 935 1080 recordum
973 1019 1007 1078 et
1038 1033 1207 1100 processus
1236 1013 1340 1080 totius
1364 1012 1490 1098 negotii
1504 1031 1670 1085 susm

441 1115 628 1203 supradicti,
650 1135 726 1182 cum
760 1114 916 1180 brevibus
947 1120 981 1180 et
1014 1114 1167 1180 omnibus
1198 1135 1237 1180 ea
1267 1114 1491 1200 tangentibus,

442 1241 516 1305 quas
545 1217 581 1284 in
603 1217 754 1284 custodia
777 1221 888 1282 vestra
909 1217 1069 1296 existunt,
1097 1216 1200 1302 juxta
1228 1221 1376 1282 tenorem
1399 1236 1491 1280 man-

441 1321 595 1386 datorum
639 1323 833 1384 nostrorum·
860 1317 955 1384 vobis
998 1315 1121 1404 pluries
1165 1317 1243 1382 inde
1283 1318 1491 1397 directorum,

440 1420 536 1487 nobis
562 1419 624 1486 sub
645 1419 752 1506 sigillo
774 1423 885 1485 vestro
915 1418 1083 1501 mittetis,
1117 1419 1167 1485 ita
1187 1420 1277 1504 quod
1299 1440 1339 1485 ee
1370 1417 1491 1484 habea·

441 1543 515 1588 mus
548 1542 656 1588 coram
678 1520 774 1587 nobis
804 1542 826 1586 a
847 1521 901 1586 die
929 1520 1043 1588 Sancti
1070 1521 1240 1586 Michaelis
1270 1521 1308 1585 in
1341 1540 1395 1584 xv.
1419 1520 1491 1584 dies

441 1623 628 1709 ubicunque
659 1629 740 1688 tunc
761 1621 921 1688 fuerimus
952 1623 990 1688 in
1012 1622 1155 1710 Anglie;
1176 1626 1225 1702 ut,
1247 1621 1312 1688 biis
1334 1621 1492 1708 inspectis

441 1724 571 1810 plenius
593 1730 628 1791 et
649 1723 856 1806 examinatis,
871 1724 1011 1790 ulterius
1033 1746 1131 1812 super
1151 1723 1214 1792 hoc
1228 1723 1301 1790 fieri
1321 1723 1489 1805 beamus,

441 1827 529 1911 quod
560 1826 601 1892 de
630 1825 706 1910 jure
736 1825 806 1891 fore
842 1825 1024 1892 viderimus
1053 1825 1247 1892 faciendum.
1301 1825 1347 1890 Et
1381 1824 1492 1892 sciatis

441 1928 529 2013 quod
550 1927 615 1992 nisi
637 1927 915 1993 hoc-mandatum
941 1931 1091 1993 nostrum
1113 1928 1243 2015 plenius
1273 1927 1492 2013 exequamini,

440 2030 586 2116 graviter
607 2029 650 2094 ad
672 2051 732 2094 vos
762 2028 934 2116 capiemus.
981 2031 1027 2095 Et
1048 2029 1197 2096 habeatis
1218 2029 1266 2094 ibi
1287 2029 1350 2096 hoc
1381 2029 1489 2099 breve.

441 2131 546 2208 Teste,
562 2129 600 2196 R.
625 2129 657 2196 le
679 2129 858 2209 Brabszon,
879 2131 968 2218 apud
990 2130 1327 2213 westmonasterium,
1351 2131 1412 2218 xjo.
1435 2131 1490 2197 die

440 2232 534 2313 Julii,
557 2252 644 2299 anno
666 2232 759 2320 regni
780 2233 885 2300 nostri
906 2253 1001 2299 nono.

668 2382 817 2451 Scrutari
848 2385 983 2451 fecimus
1016 2385 1131 2451 brevia
1162 2389 1197 2452 et
1230 2385 1356 2451 rotulos
1387 2385 1488 2472 placi-

623 2488 733 2552 torum
755 2487 792 2552 in
805 2487 955 2553 custodia
975 2491 1088 2553 nostra
1106 2486 1292 2568 existentia,
1314 2487 1402 2553 inter
1417 2509 1490 2573 quae

441 2585 618 2664 recordum,
641 2608 699 2653 seu
722 2609 897 2674 processus,
911 2589 1078 2674 negotium
1094 2589 1288 2677 praedictum
1311 2589 1490 2676 tangentia,

442 2685 591 2752 invenire
604 2709 673 2754 non
687 2689 856 2775 potuimus
867 2712 876 2768 ;
898 2689 955 2756 sed
977 2690 1056 2776 quia
1077 2691 1247 2778 negotium
1269 2689 1353 2756 illud
1369 2691 1490 2758 deduc·

441 2792 514 2852 tum
559 2788 626 2854 fuit
662 2811 770 2856 coram
810 2789 1004 2876 justiciariis
1040 2791 1165 2858 domini
1202 2793 1352 2872 Antonii,
1383 2815 1489 2879 nuper

442 2888 593 2976 episcopi,
608 2891 852 2977 praedecessoris
865 2893 979 2976 nostri,
1003 2893 1236 2961 mandavimus
1259 2895 1487 2961 executoribus

441 2989 594 3075 ejusdem,
626 2993 714 3078 quod
746 2995 916 3061 recordum
939 3000 983 3090 *et
1006 3017 1173 3082 processus
1203 2997 1362 3083 praedicta
1394 2997 1488 3062 nobis

439 3085 577 3153 liberare
607 3088 751 3155 facerent
763 3116 771 3172 3
794 3092 852 3178 qui
882 3091 1017 3178 quidem
1050 3099 1235 3160 executores
1255 3093 1362 3161 ¹uobis
1393 3116 1491 3182 super
1626 3165 1639 3179 ,

421 3185 502 3260 ¹hoc
532 3189 660 3255 nullum
693 3191 801 3258 adhuc
831 3192 994 3260 dederunt
1024 3217 1223 3282 responsum,
1246 3219 1306 3284 per
1328 3196 1415 3284 quod
1446 3197 1487 3261 ad

439 3311 583 3376 praecem
605 3291 798 3360 mandatum
821 3293 911 3364 istud
934 3295 1051 3382 exequi
1073 3319 1140 3364 non
1163 3299 1336 3386 potuimus.

441 2449 589 2502 Beturnmn.

314 3483 319 3496 ·
391 3483 397 3497 ·
441 3455 708 3533 Ριοιραιίοηςῑιριο
785 3446 978 3526 Edwardus,
1012 3448 1074 3514 Dei
1105 3451 1224 3537 gratia,
1255 3473 1316 3518 rex
1346 3452 1485 3539 Angliae,

307 3526 408 3660 0οηῗὲ
440 3525 709 3651 fflgfdffleffl}
743 3546 895 3612 dominus
929 3547 1112 3630 Hiberniae,
1135 3557 1170 3616 et
1191 3551 1261 3616 dux
1283 3553 1483 3640 Aquitaniae,

301 3663 305 3672 ·
339 3696 371 3755 o,
398 3726 412 3759 Θ
440 3653 579 3707 Auknnd’.
741 3649 893 3714 omnibus
923 3649 1056 3716 ballivis
1088 3657 1123 3718 et
1156 3651 1308 3720 fidelibus
1341 3655 1417 3736 suis,
1442 3657 1483 3720 ad

270 3774 297 3804 ω
344 3763 365 3806 u
440 3763 521 3828 quos
551 3751 731 3830 praesentes
761 3748 868 3816 literae
901 3751 1121 3836 pervenerint,
1153 3753 1304 3822 salutem.
1366 3757 1485 3824 Sciatis

271 3822 342 3906 ⁰u¹¹¹e⁰
366 3824 398 3908 ⁰.
440 3845 528 3929 quod
550 3847 751 3934 suscepimus
780 3849 817 3914 in
845 3853 1083 3938 protectionem
1105 3861 1141 3922 et
1169 3856 1390 3925 defensionem
1412 3881 1486 3926 nos·

438 3950 526 4012 tram
556 3948 713 4016 dilectum
742 3950 896 4019 clericum
925 3961 1083 4035 nostrum,
1106 3959 1300 4045 magistrum
1326 3960 1483 4026 Thomam

439 4047 479 4113 de
502 4045 657 4132 Olifford’,
673 4052 834 4120 decanum
858 4056 1000 4123 eeclesiae
1022 4059 1202 4146 collegiatae
1225 4061 1266 4126 de
1288 4061 1483 4140 Aukeland’,

437 4149 595 4235 homines,
625 4159 739 4234 terras,
769 4177 831 4236 res,
867 4158 1026 4238 redditus,
1064 4166 1099 4227 et
1127 4183 1240 4228 omnes
1268 4166 1484 4252 possessiones

436 4273 520 4330 suas,
544 4258 578 4319 et
599 4253 674 4321 ideo
695 4257 790 4322 vobis
813 4260 1014 4341 mandamus,
1039 4263 1127 4347 quod
1156 4264 1265 4352 ipsum
1291 4267 1482 4354 magistrum

438 4353 607 4435 Thomam,
635 4355 793 4438 homines,
817 4366 930 4441 terres,
953 4384 1012 4442 res,
1035 4365 1194 4448 redditus,
1218 4373 1253 4433 et
1275 4389 1387 4434 omnes
1409 4388 1480 4456 pos-

435 4455 593 4523 sessiones
624 4479 708 4541 suas,
732 4464 983 4545 manuteneatis,
1013 4469 1194 4554 protegetis
1224 4474 1259 4536 et
1289 4470 1483 4550 defendatis,

434 4577 502 4621 non
531 4558 708 4626 inferentes
738 4563 794 4646 eis,
818 4565 873 4630 vel
903 4567 1017 4632 inferri
1046 4569 1287 4654 permittentes,
1317 4573 1481 4660 injuriam,

434 4659 625 4740 molestiam,
660 4663 827 4744 damnum,
858 4674 917 4734 aut
947 4691 1134 4756 gravamen.
1191 4673 1236 4740 Et
1267 4675 1406 4760 siquod
1437 4677 1484 4742 eis
