3502 6108
383 813 469 877 1196
561 823 760 874 nnersrsuu
784 823 987 874 rnnrrruou
1009 823 1251 874 nuunmnusn.

231 1029 351 1076 arturo.
381 1017 493 1076 nostro
525 1013 566 1077 de
597 1011 855 1088 Westaukland’,
887 1017 1033 1097 tempore
1066 1031 1233 1096 pessonae3
1264 1011 1430 1076 reddendo
1443 1011 1607 1068 mrim

380 1114 458 1179 inde
481 1115 651 1180 annuatim
676 1114 771 1179 nohis
794 1119 828 1179 et
860 1113 1098 1179 successoribus
1120 1113 1250 1189 nostris,
1273 1112 1433 1200 episcopis

380 1217 666 1294 Dunelmensibus,
697 1217 741 1282 ad
778 1215 974 1282 scaccarium
1011 1220 1162 1279 nostrum
1200 1215 1430 1295 Dunelmense,

381 1323 523 1403 quatuor
545 1317 664 1384 solidos
687 1318 927 1404 sterlingorum,
943 1318 985 1383 ad
1006 1303 1150 1401 quatuor
1171 1315 1252 1382 anni
1274 1317 1432 1381 terminos

382 1413 417 1484 in
455 1420 647 1508 episcopatu
684 1419 899 1484 Dunelmensi
936 1418 1143 1496 constitutos,
1181 1419 1313 1496 sufficet,
1350 1419 1431 1483 duo-

382 1523 486 1587 decim
510 1521 662 1587 denarios
685 1521 728 1586 ad
751 1521 932 1607 quemlibet
953 1520 1142 1586 terminum.
1189 1519 1233 1583 Et
1262 1525 1429 1606 praeterea,

381 1624 606 1700 concessimus,
629 1645 688 1710 pro
721 1622 817 1687 nobis
849 1628 884 1688 et
914 1621 1151 1688 suecessoribus
1182 1621 1313 1698 nostris,
1343 1621 1431 1705 quod

351 1777 355 1784 .
381 1725 531 1810 praedicti
569 1726 673 1803 Eudo,
697 1725 843 1790 haeredes
880 1732 916 1790 εδ
948 1723 1106 1811 assignati
1138 1723 1199 1802 sui,
1222 1723 1367 1788 habeant
1396 1729 1431 1788 εδ

380 1832 525 1906 teneant,
557 1847 616 1912 pro
648 1825 801 1912 homagio
839 1831 874 1890 εδ
907 1825 1042 1890 servitio
1080 1846 1148 1900 suo,
1182 1824 1310 1909 xxxvij.
1341 1845 1432 1888 acras

380 1934 486 2005 terrae,
510 1949 592 2013 quas
622 1927 775 1993 dominus
805 1926 980 2006 Antonius,
1007 1948 1113 2014 nuper
1144 1926 1312 2013 episcopus
1338 1925 1431 1989 Dun-

381 2031 532 2096 elmensis
554 2031 771 2116 praedecessor
792 2035 910 2107 noster,
925 2029 1018 2094 dedit
1041 2027 1215 2114 Radulpho
1239 2027 1375 2092 Russell'
1390 2029 1431 2092 de

381 2132 641 2218 Wollerington’‚
663 2133 703 2197 de
727 2136 823 2197 vasto
846 2152 913 2208 suo,
932 2132 1033 2215 juxta
1056 2129 1239 2195 manerium
1270 2150 1363 2193 suum
1389 2129 1430 2193 de

381 2235 581 2312 Evenwod’;
610 2233 776 2299 reddendo
807 2233 912 2298 eidem
935 2232 1082 2297 Antonio
1115 2231 1264 2317 episcopo
1295 2237 1329 2296 et
1359 2253 1430 2296 suc-

381 2337 559 2403 cessoribus
593 2337 670 2413 suis,
703 2342 737 2400 et
766 2335 907 2400 ecclesiae
939 2334 1162 2410 Dunelmensi
1193 2355 1251 2398 sex
1280 2333 1431 2398 denarios

381 2461 440 2526 pro
474 2439 621 2524 qualibet
658 2459 733 2503 acra
766 2443 871 2514 terrae,
906 2441 940 2501 et
977 2435 1085 2500 dando
1123 2435 1302 2500 multarem
1340 2435 1431 2500 bladi

381 2541 555 2606 crescentis
578 2541 614 2604 in
636 2539 801 2626 praedictis
824 2539 952 2624 xxxvij.
968 2539 1052 2604 acris
1067 2543 1163 2603 terrae
1178 2539 1221 2602 ad
1244 2535 1433 2603 molendina

382 2644 422 2707 de
453 2642 547 2707 West
576 2641 751 2718 Aukland',
790 2641 833 2706 ed
865 2639 1057 2706 vicesimum
1090 2644 1246 2724 quartum
1279 2661 1360 2719 vas,
1398 2645 1432 2704 εδ

381 2764 462 2827 ques
485 2742 616 2827 xxxvij.
639 2764 730 2808 acras
753 2747 850 2806 terrae
880 2740 1205 2826 dictusRadulphus
1229 2740 1367 2806 Russell'
1390 2741 1431 2806 dc

381 2844 640 2931 Wolleryngton'
678 2849 792 2930 postea
826 2843 919 2907 dedit
956 2843 1046 2907 dicto
1086 2842 1226 2920 Eudoni,
1250 2845 1428 2908 tenendum

380 2945 453 3025 sihi,
478 2944 663 3012 haeredibus
687 2950 721 3010 εδ
743 2944 919 3030 assignatis
941 2944 1018 3024 suis,
1049 2945 1090 3008 de
1112 2944 1269 3032 praedictc
1299 2945 1431 3010 domino

380 3048 527 3112 Antonio
559 3053 593 3112 εδ
625 3047 863 3112 successorihus
894 3045 971 3127 suis,
995 3052 1030 3110 et
1052 3046 1187 3112 ecclesia
1218 3069 1278 3112 sua
1307 3046 1431 3111 Dunel-

380 3149 492 3226 mensi,
509 3171 567 3236 per
582 3150 719 3214 servitia
741 3149 817 3214 inde
837 3149 950 3214 debita
965 3153 999 3214 et
1014 3154 1175 3214 consueta.
1216 3149 1324 3229 Quare
1338 3148 1432 3214 volu·

381 3273 453 3316 mus
477 3258 511 3317 et
540 3252 756 3328 concedimus,
778 3273 838 3338 pro
860 3251 955 3316 nobis
978 3256 1013 3315 εδ
1035 3251 1272 3315 successoribus
1301 3253 1431 3329 nostris,

381 3355 469 3439 quod
497 3353 648 3440 praedicti
679 3352 783 3430 Eud0,
804 3351 950 3417 haeredes
973 3357 1008 3416 εδ
1030 3351 1188 3438 assignati
1212 3353 1272 3430 sui,
1287 3351 1432 3418 habeant

381 3460 415 3520 εδ
437 3460 574 3521 teneant
599 3455 672 3519 illas
695 3453 816 3539 viginti
838 3460 874 3518 εδ
895 3456 1021 3538 septem
1043 3475 1134 3518 acras
1157 3459 1254 3519 terrae
1278 3460 1312 3518 εδ
1334 3456 1430 3533 vasti,

381 3579 462 3643 quas
485 3557 570 3622 idem
596 3557 691 3621 Eudo
712 3556 814 3620 habet
840 3556 881 3620 de
904 3556 989 3620 dono
1020 3561 1131 3621 nostro
1161 3556 1198 3620 in
1220 3557 1314 3622 West
1335 3558 1429 3621 Auk-

381 3660 477 3735 land',
499 3665 533 3724 εδ
555 3657 707 3723 similiter
728 3657 857 3742 xxxvij.
880 3679 971 3723 acras
992 3663 1098 3735 terrae,
1121 3680 1202 3744 quas
1223 3659 1312 3724 idem
1339 3659 1432 3725 Eudo

380 3761 480 3825 habet
503 3761 543 3824 de
566 3761 651 3824 dono
674 3759 754 3824 dicti
777 3759 945 3845 Radulphi
967 3759 1104 3824 Russell’
1126 3761 1166 3826 de
1183 3760 1430 3848 Wollerington'

381 3863 416 3926 in
439 3862 553 3926 eadem
576 3861 657 3926 villa
687 3861 727 3925 de
751 3861 845 3926 West
867 3861 1044 3940 Aukland’,
1069 3867 1103 3926 et
1134 3884 1215 3948 quas
1245 3863 1333 3928 idem
1365 3864 1429 3929 Ra-

380 3963 525 4049 dulphus
548 3963 668 4027 habuit
697 3963 738 4026 de
761 3962 845 4026 dono
867 3960 1018 4048 praedicti
1041 3963 1166 4027 domini
1189 3964 1339 4046 Antonii,
1362 3965 1430 4051 epi·

380 4066 478 4152 scopi,
501 4064 745 4152 praedecessoris
760 4065 875 4142 nostri,
897 4085 955 4150 per
978 4063 1117 4130 servitia
1139 4067 1369 4152 suprascripta,
1391 4073 1430 4132 ut

381 4167 574 4254 praedictum
598 4171 654 4230 est.
712 4166 753 4230 In
775 4165 869 4250 cujus
892 4164 939 4230 rei
962 4165 1197 4244 testimonium,
1221 4170 1308 4252 parti
1331 4168 1430 4252 hujus

379 4269 493 4354 scripti
516 4267 758 4355 chirographati
780 4289 880 4352 penes
896 4267 1021 4331 dictum
1045 4268 1214 4332 Eudonem
1237 4271 1429 4349 remanenti,

381 4371 525 4457 sigillum
549 4375 698 4434 nostrum
722 4374 772 4434 est
794 4369 1001 4455 appositum3
1037 4375 1072 4433 εδ
1094 4368 1189 4434 alteri
1212 4372 1308 4456 parti,
1330 4393 1430 4456 penes

380 4496 440 4537 nos
463 4478 498 4536 ot
520 4493 716 4536 successores
744 4476 872 4536 nostros
898 4472 1091 4548 remanenti,
1114 4471 1258 4557 sigillum
1282 4473 1430 4558 praedicti

381 4575 528 4638 Eudonis
554 4581 604 4637 cst
630 4595 816 4658 appensum.
873 4573 949 4637 Hiis
979 4574 1127 4649 testibus
1151 4575 1283 4638 domino
1307 4576 1431 4639 Radul·

305 4695 307 4700 ’
381 4675 446 4760 pho
469 4675 537 4739 filio
562 4674 726 4756 Willelmi,
750 4673 882 4739 domino
912 4673 1064 4739 dohanno
1091 4675 1131 4739 de
1155 4675 1276 4752 Insula,
1299 4677 1431 4740 domino
