3570 5718
405 803 470 868 886
587 813 785 864 susurrus
808 811 1011 862 rsmrrsuu
1033 807 1274 860 uuunsnmsu

251 1023 308 1070 so.
317 1025 375 1069 1³12
405 1007 521 1072 dicunt
537 1005 625 1092 quod
641 1005 802 1092 praedicte
814 1003 899 1069 Loro
913 1024 981 1069 non
995 1003 1094 1068 debet
1109 1001 1186 1066 inde
1201 1002 1312 1066 dotem
1325 999 1452 1064 hebere.
1464 1007 1598 1063 sumpse„
1607 1013 1630 1054 1·

406 1109 494 1190 Quia
518 1108 642 1186 dicunt,
666 1109 754 1194 quod
776 1108 890 1174 eedem
912 1106 997 1173 Loro
1017 1125 1189 1190 nunquam
1210 1103 1276 1168 fuit
1296 1102 1454 1188 praedioto

274 1231 343 1276 nso.
407 1210 556 1288 Ricerdo,
588 1209 629 1274 de
660 1209 754 1295 cujus
777 1209 946 1274 dotatione
967 1212 1037 1285 etc,
1058 1206 1207 1292 legitimo
1244 1204 1454 1270 matrimonio

411 1313 580 1399 copulam
594 1311 684 1378 unde
699 1314 819 1396 petunt
823 1310 996 1396 judicium,
1012 1313 1072 1374 etc.
1109 1308 1154 1374 Et
1170 1307 1255 1372 Loro
1270 1307 1352 1372 dicit
1366 1289 1455 1391 quid

406 1433 466 1501 per
480 1415 540 1482 hoo
555 1414 598 1480 ob
621 1413 748 1480 actione
771 1412 859 1478 dotis
882 1433 950 1477 suae
972 1409 1103 1476 excludi
1125 1429 1192 1474 non
1214 1409 1320 1486 debet,
1335 1407 1371 1471 in
1393 1407 1455 1472 hec

405 1520 507 1602 perte.
546 1513 638 1581 Dicit
653 1515 751 1595 enim,
764 1513 852 1600 quod
868 1513 940 1598 ipse
954 1512 990 1576 in
1004 1511 1138 1578 ecclesie
1152 1514 1192 1576 do
1207 1509 1366 1595 Essheby,
1376 1508 1454 1572 Lin-

406 1617 579 1684 oolniensis
595 1615 744 1682 dioecesis
769 1615 836 1680 fuit
850 1614 1009 1701 praedioto
1024 1612 1165 1678 Ricerdo
1179 1612 1327 1698 legitimo
1342 1611 1455 1675 matri-

411 1718 521 1784 monio
555 1718 708 1804 copulate
720 1743 728 1798 ;
760 1721 794 1782 et
816 1717 879 1783 hoo
911 1721 1028 1803 pereto
1056 1722 1107 1782 est
1129 1714 1304 1791 verificare,
1333 1712 1393 1778 ubi
1421 1715 1456 1776 et

407 1820 539 1908 quondo
572 1824 633 1887 etc.
678 1820 724 1884 Et
756 1819 834 1904 quio
869 1817 1059 1902 hujusmodi
1095 1837 1202 1884 ceusae
1235 1815 1378 1904 cognitio
1413 1815 1456 1880 ed

409 1922 516 1987 forum
559 1925 686 2008 spectet
739 1919 1003 1998 ecclesiasticum,
1046 1925 1079 1984 et
1126 1919 1295 2004 episcopus
1327 1916 1457 1982 Linool·

408 2023 541 2100 niensis,
562 2023 599 2088 in
633 2020 725 2106 cujus
757 2020 890 2087 dioecesi
920 2021 1114 2107 praedietum
1137 2018 1393 2098 matrimonium,
1417 2023 1456 2083 ut

408 2124 575 2202 asseritur,
612 2123 677 2188 fuit
714 2123 924 2200 celebratum,
958 2123 1124 2188 mendatis
1154 2121 1279 2187 domini
1316 2119 1457 2206 episcopi

409 2225 641 2292 Dunelmensis
663 2245 776 2312 perere
798 2245 866 2291 non
889 2224 1155 2290 tenetur-Ideo
1171 2226 1282 2309 portes
1297 2220 1374 2287 inde
1387 2221 1457 2286 sine

410 2328 472 2394 die.

241 2555 367 2602 sonmo
409 2557 642 2610 mmmm
720 2526 811 2593 Scire
849 2526 984 2593 fecimus
1022 2525 1187 2593 Willelmo
1227 2525 1283 2592 de.
1302 2523 1458 2604 Kellewe,

240 2605 377 2710 {duffio
409 2625 581 2689 procederes.
676 2627 837 2696 Nioholoo
860 2629 901 2694 de
925 2628 1082 2709 Kellewe,
1105 2635 1139 2694 et
1152 2626 1301 2695 Johrnni
1322 2627 1364 2694 ds
1379 2625 1458 2691 Kel-

409 2728 502 2806 lowe,
525 2727 718 2796 custodibus
740 2735 906 2796 terrerum
932 2730 956 2795 J
958 2730 1106 2806 ohannis,
1129 2729 1242 2794 fratris
1263 2733 1298 2794 et
1318 2728 1458 2794 haeredis

411 2831 544 2898 Rioordi
568 2831 721 2918 Herpyn,
736 2853 796 2918 per
818 2833 978 2898 'liromom
1001 2833 1041 2898 de
1067 2832 1156 2918 Boys
1183 2837 1218 2898 et
1245 2831 1457 2918 Runulphum

409 2934 451 3001 do
473 2932 597 3000 Merlei.

242 3158 370 3256 ffirm-
456 3131 564 3203 1Ηωο
578 3139 629 3202 est
651 3133 759 3202 finnlis
774 3137 954 3219 concordio,
969 3136 1057 3204 facto
1078 3137 1115 3203 in
1130 3138 1221 3205 curie
1236 3138 1361 3203 domini
1375 3139 1461 3225 regis

242 3259 390 3305 mooun
411 3238 501 3324 apud
523 3237 859 3317 westmonasterium,
882 3239 919 3304 in
933 3239 1075 3306 crastino
1091 3239 1332 3306 Purificetionis
1347 3239 1460 3304 Bootes

242 3309 387 3406 diffie
414 3339 538 3418 Merite,
572 3359 659 3406 enno
691 3340 784 3426 regni
819 3341 904 3426 regis
927 3340 1074 3422 Henrici,
1098 3341 1159 3404 filii
1180 3341 1268 3427 regis
1290 3340 1462 3418 Johennis,

243 3410 381 3556 {iffi}
411 3442 567 3510 vicesimo
590 3441 698 3521 tertio,
719 3461 826 3507 corum
859 3441 1003 3506 Roberto
1025 3443 1067 3507 de
1092 3442 1274 3522 Lexinton’,
1298 3442 1460 3508 Willelmo

243 3561 390 3656 otonem
413 3542 454 3608 de
492 3543 647 3620 Eboroco,
684 3542 849 3608 Willelmo
886 3543 928 3608 de
966 3542 1165 3608 Ouleworth'
1188 3549 1222 3608 et
1255 3543 1398 3609 Hemico
1420 3543 1461 3608 de

245 3609 551 3715 meBothon’
575 3651 610 3710 et
642 3645 716 3710 eliis
747 3645 875 3720 domini
906 3643 992 3730 regis
1024 3643 1185 3724 fidelibus,
1208 3649 1286 3710 tuno
1307 3643 1355 3708 ibi
1377 3665 1460 3730 pree-

258 3736 378 3782 fflffl·
414 3745 572 3821 sentibus,
608 3745 697 3812 inter
727 3743 751 3810 J
753 3745 918 3810 ohannem
953 3745 993 3809 dc
1028 3744 1185 3831 Coyners,
1209 3751 1407 3833 querentem,
1429 3753 1463 3812 et

414 3846 596 3912 Robertum
635 3847 676 3911 de
707 3845 853 3932 Ooyners
891 3846 1133 3928 deforcientcm,
1172 3849 1213 3914 de
1244 3849 1388 3914 monerio
1422 3849 1462 3913 de

415 3948 577 4036 Gryseby,
601 3953 635 4014 et
666 3969 734 4014 uno
765 3953 919 4015 cerucete
949 3954 1054 4029 terroe,
1078 3971 1153 4016 cum
1187 3950 1405 4038 pertinentiis,
1428 3951 1463 4014 in

413 4049 629 4137 Dytmessele.
695 4049 796 4116 Unde
818 4050 906 4115 idem
928 4049 1098 4117 «Iohannes
1121 4057 1256 4137 questus
1277 4052 1353 4132 fuit,
1375 4052 1463 4138 quod

412 4152 590 4238 praedictus
613 4151 776 4218 Robertus
797 4173 864 4218 non
886 4153 996 4218 tenuit
1018 4153 1049 4218 ei
1071 4153 1171 4219 finem
1184 4154 1308 4221 foetum
1323 4154 1463 4220 incuria

417 4252 543 4319 domini
576 4252 670 4339 regis,
693 4254 782 4339 opud
803 4253 1148 4336 westmonasterium,
1169 4256 1257 4321 inter
1289 4255 1463 4342 Rogerum,

415 4359 543 4440 petrem
566 4354 711 4440 ejusdem
735 4354 880 4450 Roberti,
904 4357 997 4444 eujus
1011 4356 1115 4423 hoeres
1129 4358 1200 4445 ipse
1215 4361 1272 4436 est,
1287 4363 1464 4446 petentem,

416 4460 452 4520 et
472 4457 647 4542 Rogerum,
662 4457 862 4522 avunculum
884 4459 1035 4543 praedicti
1056 4459 1233 4537 Johennie,
1257 4459 1350 4545 cujus
1381 4459 1469 4524 haerc

412 4599 584 4608 ——ffi—

605 4672 611 4704 ¹
624 4673 687 4725 This
699 4676 867 4729 documentis
879 4679 961 4729 seued
973 4685 1000 4728 to
1010 4677 1053 4730 the
1064 4678 1117 4730 fuet
1128 4678 1182 4730 off.
1197 4683 1243 4729 179
1256 4679 1281 4728 b.
