3564 5744
505 823 704 874 numerumn
727 821 931 872 rrmrmuu
954 821 1196 876 nuuruuausu
1290 811 1376 881 1057

158 1010 405 1078 *amandam
427 1011 504 1077 finis
537 1012 574 1076 in
596 1013 686 1078 curia
715 1009 866 1097 praedicti
898 1010 1142 1097 predecessoris
1163 1012 1273 1090 vestri,
1296 1017 1374 1078 ante
1387 1026 1527 1078 :numa

326 1113 512 1198 captionem
535 1113 635 1191 illam,
669 1113 756 1178 inter
788 1113 898 1199 ipsum
932 1111 1144 1199 Radulphum
1177 1119 1214 1179 et
1249 1112 1374 1180 Willel-

327 1235 418 1279 mum
443 1213 556 1300 Sayer,
587 1219 622 1280 et
652 1215 873 1300 Margaretam
895 1235 1031 1279 uxorem
1055 1216 1134 1298 ejus,
1157 1214 1199 1280 de
1233 1215 1375 1302 triginta

324 1313 455 1382 libratis
476 1316 635 1394 redditus,
657 1320 692 1382 et
717 1315 852 1381 redditu
884 1316 1103 1402 quadraginta
1133 1317 1373 1402 quarteriomm

321 1414 489 1495 frumenti
517 1417 737 1503 quadraginta
760 1416 1000 1502 quarteriorum
1030 1416 1154 1494 hordei,
1185 1422 1219 1483 et
1250 1417 1372 1504 viginti

320 1519 561 1602 quarteriorum
606 1540 729 1596 avenae,
768 1539 844 1584 oum
883 1518 1102 1604 pertinentiis,
1142 1518 1179 1582 in
1225 1519 1371 1584 manerio

319 1619 360 1684 de
383 1618 550 1685 Brereton'
577 1620 725 1684 levatum
747 1618 857 1698 fuiese,
880 1622 915 1684 et
941 1639 999 1706 per
1024 1619 1210 1705 captionem
1232 1612 1371 1705 predio-

318 1723 388 1784 tam
409 1718 660 1806 ingroseandum
682 1720 901 1800 remansisse;
934 1723 969 1784 et
1007 1719 1108 1786 etiam
1142 1721 1231 1786 inter
1261 1721 1371 1806 ipsum

319 1820 531 1908 Radulphum
578 1827 612 1886 et
646 1821 830 1886 (tetfridum
872 1820 913 1886 de
957 1821 1162 1908 Hertrepole,
1201 1826 1370 1889 tenentem

319 1921 458 1987 manerii
480 1921 640 2009 praedicti,
663 1921 828 2007 quandam
859 1921 1023 2007 loquelam
1053 1923 1094 1987 de
1123 1928 1370 1990 attomamento

319 2023 469 2089 redditus
501 2023 663 2111 praedicti,
697 2024 733 2087 in
762 2023 877 2088 mdem
908 2023 1007 2104 curia,
1041 2023 1214 2104 habuisse3
1246 2025 1369 2091 dictam

319 2128 433 2189 notam
455 2131 490 2190 et
511 2125 691 2201 recordum,
707 2129 741 2189 et
766 2143 954 2210 processum
976 2124 1115 2209 loquelae
1137 2124 1235 2206 illius,
1259 2147 1370 2193 coram

319 2225 466 2292 Henrico
488 2225 530 2290 de
552 2224 752 2302 Guldeford’,
775 2230 809 2289 et
836 2224 930 2289 sociis
952 2224 1029 2303 suis,
1048 2223 1244 2308 justiciariis
1266 2228 1370 2314 ipsius

320 2327 425 2412 patris
447 2326 553 2392 nostri
584 2325 621 2391 in
642 2325 796 2390 libertato
829 2325 995 2410 predicta,
1018 2325 1098 2390 dum
1129 2327 1165 2392 in
1188 2347 1288 2394 manu
1310 2350 1371 2394 sua

319 2427 436 2492 extitit
466 2448 525 2513 per
558 2425 743 2512 captionem
773 2425 985 2504 antedictam,
1017 2427 1129 2493 venire
1162 2428 1293 2495 fecisset
1325 2431 1369 2496 ad

319 2533 433 2594 notam
455 2527 548 2592 illam
563 2525 821 2613 ingrossandam,
837 2531 873 2592 et
890 2525 1057 2611 justitiam
1083 2529 1222 2595 ulterius
1246 2530 1369 2596 facien-

320 2629 404 2694 dam.
451 2628 497 2694 Et
518 2650 588 2706 nos,
602 2650 662 2715 pro
676 2650 715 2694 eo
731 2628 820 2716 quod
836 2628 945 2694 dictus
960 2633 1186 2714 paternoster,
1201 2632 1367 2717 pendente

319 2751 429 2796 coram
456 2729 569 2795 eodem
592 2729 738 2796 Henrico
760 2733 796 2794 et
818 2729 914 2794 sociis
940 2730 1007 2794 suis
1033 2731 1164 2817 negotio
1179 2740 1366 2814 memorato,

320 2831 412 2912 obiit,
436 2831 530 2897 etin
560 2831 745 2896 redditione
777 2829 941 2896 libertatis
963 2832 1139 2916 predicta,
1162 2855 1270 2918 quam
1294 2841 1369 2920 post

321 2939 457 2998 mortem
481 2933 584 3018 ipsius
606 2932 710 3018 patris
724 2931 837 3013 nostri,
852 2931 991 3017 praefato
1017 2933 1244 3018 praedecessori
1259 2940 1369 3000 vestro

320 3034 456 3099 fecimus
478 3034 519 3099 de
541 3034 652 3120 gratia
672 3037 786 3099 nostra
815 3032 956 3119 speciali,
991 3034 1211 3120 cognitionem
1243 3037 1368 3124 negotii

319 3136 477 3222 praedicti,
516 3157 583 3202 una
605 3157 680 3200 cum
703 3134 888 3221 cognitione
911 3135 1114 3219 quorundam
1136 3136 1276 3203 aliorum
1299 3137 1368 3224 pla

319 3237 467 3318 citorum,
491 3236 528 3300 in
551 3237 654 3301 literis
669 3235 711 3300 de
736 3235 920 3300 redditione
935 3235 993 3302 illa
1014 3241 1251 3317 contentorum,
1274 3239 1369 3306 nobie

320 3338 567 3418 reservavimus,
601 3342 709 3402 totum
731 3337 901 3423 negotium
931 3336 1015 3400 illud
1045 3357 1153 3404 coram
1183 3338 1278 3404 nobie
1311 3362 1369 3426 per

319 3439 418 3506 breve
439 3445 597 3518 nostrum,
613 3438 656 3503 ad
679 3444 800 3504 sectam
816 3438 897 3504 dicti
920 3437 1097 3524 Radulphi,
1121 3439 1233 3505 venire
1255 3439 1368 3506 feceri·

320 3561 402 3617 mus,
418 3546 452 3605 et
467 3539 599 3626 negotio
615 3539 673 3604 illo
694 3538 959 3616 indeterminato,
974 3542 1044 3602 tam
1059 3538 1229 3604 recordum
1245 3544 1279 3604 et
1293 3561 1367 3626 pro·

319 3661 444 3707 cessum
467 3640 552 3718 inde,
570 3661 642 3726 quae
664 3660 772 3704 coram
794 3637 890 3703 nobie
912 3642 1083 3716 venemmt,
1108 3660 1207 3724 quam
1230 3661 1268 3706 ea
1294 3663 1368 3726 quae

319 3763 429 3808 coram
452 3741 547 3806 nobis
569 3763 667 3828 super
700 3741 763 3806 hoc
796 3739 883 3804 inter
915 3743 1025 3825 partes
1054 3739 1227 3825 praedictae
1253 3741 1368 3808 habita

316 3842 462 3920 fuemmt,
486 3841 528 3906 ad
550 3842 809 3927 procurationem
825 3839 955 3926 praefati
971 3839 1147 3926 Radulphi,
1171 3841 1260 3908 dicto
1286 3865 1368 3928 prae-

318 3942 476 4009 decessori
492 3949 600 4008 vestro
614 3942 807 4020 miserimus,
818 3942 862 4007 ad
875 3941 1062 4008 faciendum
1079 3939 1248 4026 justitiam
1271 3943 1369 4010 dictie

318 4043 468 4130 partibus
495 4043 583 4108 inira
604 4043 793 4109 libertatem
825 4062 920 4107 suam
953 4041 1144 4128 praedictam
1156 4065 1165 4121 ;
1188 4043 1237 4109 ita
1270 4045 1368 4128 quod,

318 4167 377 4233 pro
391 4145 521 4212 defectu
539 4144 681 4229 justitiae
696 4149 806 4231 partes
828 4143 915 4230 ipsas
941 4142 984 4207 ed
1004 4163 1064 4208 nos
1079 4164 1242 4209 recurrere
1264 4145 1368 4210 nulla-

319 4253 415 4312 tenus
453 4251 637 4333 oporteret;
669 4266 708 4311 ac
729 4245 810 4330 jam,
850 4266 892 4309 ex
922 4244 1016 4330 gravi
1048 4245 1180 4328 querela
1216 4245 1368 4332 pradicti

318 4347 468 4424 Gaifridi,
492 4369 551 4434 per
572 4347 764 4434 petitionem
787 4365 888 4424 suam,
913 4365 1022 4412 coram
1044 4344 1139 4410 nobis
1168 4351 1203 4411 et
1231 4347 1368 4413 concilio

318 4454 430 4516 nostro
456 4449 649 4525 exhibitam,
670 4447 888 4535 acceperimus
910 4445 998 4530 quod
1022 4451 1092 4512 tam
1115 4446 1152 4510 in
1175 4448 1307 4514 recordo
1334 4455 1373 4514 et.

318 4573 470 4638 processu
506 4551 542 4614 in
575 4551 666 4618 curia
696 4549 854 4636 praedicta
883 4547 1127 4633 praedecessoris
1156 4549 1261 4612 vestri
1290 4549 1367 4615 inde

318 4651 451 4729 habitis,
466 4673 565 4738 quam
588 4653 625 4718 in
645 4653 716 4729 hoc,
731 4651 819 4736 quod
834 4649 952 4720 eadem
961 4649 1130 4718 reeordum
1152 4653 1186 4714 et
1200 4669 1367 4734 processus

408 4770 483 4821 rou
506 4771 544 4819 11.
1174 4765 1233 4816 1³13
