3562 5710
428 776 493 844 998
606 785 1295 841 eeo1srnuurumr1uuunursuurrss.

177 969 189 992 ⁴
274 983 396 1034 ΛΜΗ
427 997 614 1067 processum
630 977 789 1066 praedictu
804 976 909 1057 vobis,
925 975 969 1042 ed
983 977 1179 1044 mandatum
1201 979 1358 1055 vestrum,
1380 975 1628 1042 mire-Aneun-
1642 981 1663 1024 ι
1744 959 1746 974 ’

426 1081 506 1162 rint,
528 1085 563 1146 et
585 1101 643 1146 vos
658 1101 696 1145 es
721 1079 917 1167 receperitis,
933 1077 1147 1144 nihilominus
1169 1080 1282 1145 eedem
1306 1078 1478 1144 reeordum

426 1186 462 1249 ct
484 1202 668 1268 prooessum
690 1202 789 1270 penes
811 1203 870 1248 vos
893 1181 1057 1260 detinebis,
1072 1186 1107 1247 et
1129 1181 1170 1248 ed
1194 1179 1389 1258 errorem,'si
1404 1181 1478 1266 quis

425 1283 652 1365 intervenerit,
686 1283 922 1370 corrigendum,
954 1305 1013 1348 seu
1044 1283 1192 1370 pertibus
1221 1281 1258 1348 in
1290 1283 1352 1348 hec
1382 1288 1477 1369 perte

420 1383 590 1472 justitiam
612 1405 721 1451 corum
752 1384 848 1451 vobis
882 1384 1073 1462 faciendum,
1105 1385 1273 1470 hucusque
1304 1385 1476 1470 procedere

425 1508 493 1553 non
516 1485 663 1564 curastis,
687 1487 723 1550 in
756 1487 860 1573 ipsius
892 1485 1027 1552 Ricardi
1050 1485 1259 1573 dispendium
1282 1507 1349 1550 non
1372 1485 1476 1550 modi-

423 1609 508 1668 cum,
542 1589 576 1652 et
607 1585 881 1652 exhaeredationis
916 1587 1097 1672 periculum
1130 1586 1351 1653 menifestum.
1405 1586 1475 1650 Nos

423 1689 528 1776 igitur
550 1688 607 1774 qui
629 1688 758 1754 ratione
788 1688 962 1776 dignitatis
993 1693 1114 1754 nostree
1136 1688 1243 1774 regies,
1274 1688 1413 1774 singulis
1436 1687 1476 1754 de

425 1811 526 1878 regno
548 1792 662 1855 nostro
683 1811 795 1855 sumus
829 1790 864 1854 in
897 1791 1101 1856 exhibitione
1128 1790 1271 1875 justitiae
1303 1789 1476 1868 debitores,

293 1934 309 1968 v,
424 1891 574 1957 volentes
606 1889 748 1978 praefato
787 1892 928 1958 Ricerdo
965 1893 1002 1957 in
1040 1891 1217 1979 praemissis
1253 1892 1294 1958 de
1332 1891 1475 1957 remedio

423 2014 568 2080 congruo
589 1993 771 2080 providere,
793 1994 887 2059 vobis
909 1993 1112 2073 mandemus,
1134 1994 1222 2080 quod
1245 1993 1414 2059 recordum
1437 1999 1472 2059 et

424 2115 609 2182 processum
646 2093 812 2180 praedicte,
851 2102 886 2160 et
923 2097 1034 2161 omnic
1072 2117 1110 2160 eo
1148 2095 1330 2182 tangentia,
1366 2115 1475 2162 coram

423 2196 519 2262 vobis
552 2200 587 2261 et
621 2195 755 2261 oonsilio
786 2200 898 2262 vestro
929 2196 1061 2263 recitari
1093 2203 1128 2264 et
1159 2217 1310 2274 errorem,
1341 2195 1369 2262 si
1402 2197 1476 2282 quis

424 2296 650 2378 intervenerit,
673 2297 771 2363 modo
792 2298 905 2363 debito
928 2299 1055 2385 corrigi,
1079 2304 1114 2364 et
1135 2297 1286 2386 pertibus
1310 2298 1476 2384 praedictis

282 2447 285 2452 -
423 2400 556 2487 plenem
579 2403 615 2466 et
628 2400 764 2467 celerem
783 2401 951 2487 justitium
973 2400 1052 2467 inde
1067 2401 1147 2485 fieri,
1164 2399 1293 2466 facietis
1316 2399 1476 2481 indilate3

279 2539 284 2548 ·
338 2540 341 2546 2
424 2505 522 2590 prout
552 2502 593 2566 de
620 2501 705 2587 jure,
728 2507 763 2568 et
794 2503 974 2570 secundum
996 2502 1103 2589 legem
1136 2504 1171 2567 et
1204 2501 1474 2567 consuetudinem

378 2621 379 2626 ’
423 2604 570 2691 partium
585 2601 717 2670 illumin
732 2603 833 2671 fuerit
847 2603 1034 2671 faciendum
1047 2629 1055 2683 ;
1078 2625 1129 2684 ne,
1148 2625 1208 2690 pro
1227 2603 1356 2669 defectu
1371 2604 1475 2669 vestri

424 2705 461 2770 in
492 2704 555 2770 huc
585 2711 690 2792 purte,
711 2726 772 2772 nos
805 2709 956 2793 oporteat
986 2706 1124 2793 praefato
1156 2705 1298 2770 Ricordo
1336 2704 1377 2769 de
1409 2703 1474 2770 olio

424 2804 568 2872 remedio
605 2827 701 2893 super
744 2807 806 2874 hoc
840 2807 1020 2894 providere.
1077 2809 1174 2873 Teste
1219 2806 1354 2892 meipso,
1386 2807 1476 2892 apud

426 2906 649 2986 Centucricm
681 2907 789 2994 xviijo.
824 2909 878 2975 die
911 2907 1091 2988 Februarii,
1124 2929 1212 2975 enno
1243 2907 1337 2995 regni
1370 2907 1476 2974 nostri

425 3007 572 3095 septimo.

256 3227 306 3274 rue
301 3226 391 3323 turp
426 3225 509 3278 Breve
526 3226 621 3278 domini
639 3227 705 3294 regu
783 3213 975 3294 Edwsrdus‚
1007 3213 1071 3280 Dei
1102 3214 1217 3300 gretie,
1247 3235 1307 3278 rex
1337 3210 1476 3300 Anglire,

257 3279 416 3424 {fflffl
390 3295 599 3411 'w
599 3295 706 3426 ”⁶:¹⁰9ss
738 3314 891 3381 dominus
920 3316 1100 3394 Hiberniee,
1123 3321 1158 3382 et
1179 3316 1248 3380 dux
1275 3314 1477 3401 Aquitanis,

258 3429 416 3524 aucupe
428 3425 522 3478 sumo
530 3427 702 3490 impendendo
735 3417 962 3483 venerabili'
953 3439 991 3482 ιιι
1027 3417 1159 3483 Christo
1195 3419 1293 3503 pet,
1255 3415 1478 3492 nRicerrlo,

256 3531 353 3574 ιιιιιι
335 3541 399 3590 upon
429 3519 543 3586 eodem
585 3525 660 3607 gret
661 3520 703 3602 is,
736 3520 886 3607 episcopo
918 3519 1141 3597 Dunelmensi,
1176 3519 1324 3585 sulutem.
1385 3518 1478 3583 Licet

259 3579 366 3673 renem
308 3581 409 3675 millio
428 3643 542 3708 nuper,
564 3643 624 3708 pro
646 3621 785 3689 diversis
807 3621 948 3710 negotiis
969 3643 1029 3688 nos
1051 3627 1086 3686 et
1109 3626 1234 3688 elutum
1256 3619 1350 3708 regni
1373 3620 1478 3685 nostri

257 3629 408 3776 ΨΜ
427 3726 567 3809 tongent
552 3723 650 3802 tibus,
672 3723 925 3810 parliamentum
957 3729 1108 3790 nostrum
1137 3723 1227 3810 apud
1256 3723 1350 3788 West
1335 3726 1477 3788 tmo-nss

427 3825 558 3904 terium,
580 3824 635 3890 die
668 3824 843 3892 Dominies
886 3826 923 3890 in
955 3826 1123 3912 quindena
1160 3824 1294 3891 Peschee
1328 3824 1476 3910 proximo

427 3927 550 4006 future,
583 3928 811 4014 proposuimus
848 3931 968 4006 tenere,
1000 3933 1035 3993 et
1068 3927 1163 3993 vobis
1200 3926 1476 4008 mundaverimus,

428 4030 517 4115 quod
539 4027 709 4096 addictos
733 4027 820 4094 diem
843 4033 878 4094 et
900 4029 1006 4094 locum
1030 4029 1244 4116 personaliter
1265 4028 1477 4105 interessetis,

427 4132 471 4199 sd
503 4131 715 4198 tractandum
736 4130 914 4210 nobiseum,
937 4136 971 4197 et
994 4152 1069 4197 eum
1099 4131 1246 4219 praeletis
1280 4136 1316 4197 et
1347 4131 1474 4198 caeteris

428 4233 615 4321 proceribus
631 4232 673 4297 de
695 4253 795 4320 regno
810 4233 977 4320 proedicto,
993 4255 1091 4321 super
1104 4235 1246 4322 negotiis
1270 4234 1477 4313 memoratis3

426 4336 505 4424 quie
527 4335 640 4402 tumen
662 4335 824 4401 Robertus
846 4336 888 4402 de
910 4337 995 4402 Brus
1019 4343 1053 4404 et
1075 4338 1126 4403 sui
1150 4335 1329 4422 complices,
1350 4336 1478 4402 inimici

427 4445 462 4505 et
497 4438 633 4504 rebelles
655 4439 770 4518 nostri,
792 4444 908 4521 cestra,
931 4439 1028 4505 villas
1061 4445 1096 4506 et
1129 4439 1298 4518 fortalitia,
1319 4439 1357 4503 in
1387 4443 1478 4504 terre

425 4545 540 4608 nostru
571 4540 700 4620 Scotiee,
730 4545 765 4606 et
788 4541 935 4609 Morohiu
956 4543 1050 4630 regni
1080 4543 1186 4609 nostri
1216 4541 1375 4629 praedicti,
1406 4541 1479 4626 jum

426 4643 558 4710 noviter
579 4647 787 4730 occuparunt,
812 4649 846 4710 et
868 4645 982 4712 eedem
1004 4649 1120 4724 eostre,
1134 4645 1231 4712 villus
1253 4649 1288 4709 et
1310 4643 1478 4722 fortalitia,

426 4765 553 4815 necnon
575 4749 610 4814 ct
632 4746 788 4826 ecclesius,
811 4748 961 4832 oratoris,
977 4753 1011 4814 et
1033 4749 1100 4817 sliu
1121 4749 1193 4818 locs
1215 4767 1314 4826 sucre,
1331 4747 1367 4812 in
1389 4751 1479 4814 terre
