3566 5712
411 817 476 882 828
588 829 793 888 nscrsrsun,
810 829 1013 884 rrmrruuu
1035 829 1278 884 nurnumerrsc.

260 1027 381 1074 Alema
410 1019 507 1106 pleno
524 1018 600 1104 ¹jure
623 1022 817 1105 spectantes,
840 1040 915 1084 cum
945 1019 1012 1083 suis
1029 1016 1162 1103 juribus
1187 1023 1223 1085 et
1245 1018 1456 1106 pertinentiis
1466 1035 1509 1080 sn.
1520 1035 1621 1089 spese

410 1119 583 1196 universis,
606 1118 809 1196 conserimus,
832 1119 960 1185 intuitu
989 1120 1147 1198 caritatis,
1169 1124 1276 1205 teque,
1299 1143 1356 1206 per
1381 1142 1456 1186 nos-

411 1226 503 1286 trum
536 1222 705 1301 annulum,
736 1219 932 1288 investimus
970 1221 1221 1308 praesentialiter
1254 1223 1289 1286 in
1323 1223 1460 1288 eisdem.-

412 1324 455 1389 In
477 1322 571 1407 cujus
597 1323 645 1388 rei
668 1322 903 1400 testimonium,
926 1323 983 1388 has
1007 1323 1118 1389 literas
1140 1330 1269 1390 nostras
1292 1323 1354 1388 tibi
1384 1323 1456 1389 fieri

410 1425 546 1490 fecimus
583 1429 742 1512 patentes,
779 1424 879 1511 sigilli
918 1424 1022 1490 nostri
1060 1425 1242 1492 munimine
1280 1425 1455 1492 roboratas.

412 1527 539 1593 Datum
570 1526 659 1612 apud
691 1526 851 1604 Stekton’,
882 1526 1107 1593 tertiodecimo
1136 1527 1190 1592 die
1222 1528 1341 1592 mensis
1376 1527 1456 1614 Sep-

414 1627 558 1706 tembris,
588 1650 675 1693 anno
707 1626 844 1694 Domini
876 1629 1049 1694 millesimo
1072 1637 1146 1695 ccc⁰.
1169 1629 1401 1707 sextodecimo,
1424 1633 1458 1694 et

413 1729 667 1796 consecrationis
688 1734 810 1796 nostrae
833 1735 933 1797 sexte.

243 2004 399 2098 lemare
412 2007 529 2057 menotio
616 1991 785 2070 Ricardus,
819 1993 1030 2080 permissione
1067 1995 1190 2074 divina,
1225 1997 1457 2062 Dunolmensis

243 2103 400 2148 otkobertde
412 2075 530 2138 ejusdem.
570 2094 748 2182 episcopus,
762 2093 882 2161 dilecto
896 2095 973 2174 filio,
989 2095 1215 2163 archidiacono
1236 2104 1346 2164 nostro
1363 2098 1457 2162 Dun-

244 2155 371 2248 pffippn
413 2195 557 2274 olmensi,
581 2197 635 2262 vel
669 2196 740 2282 ejus
786 2249 792 2264 .
849 2249 856 2262 .
902 2196 1039 2274 officiali,
1072 2198 1220 2277 salutem,
1250 2201 1389 2287 gratiam
1422 2205 1458 2264 et

243 2267 364 2307 aamepre·

242 2305 311 2349 uene
411 2297 680 2363 benedictionem.
737 2297 825 2378 Quia
845 2298 1074 2365 canonicatum
1096 2305 1130 2364 et
1152 2301 1361 2386 praebendam
1385 2322 1459 2387 quae

411 2400 546 2464 fuerunt
575 2399 727 2486 magistri
749 2398 913 2466 Johsnnis
942 2401 983 2465 de
1007 2401 1128 2481 Insula,
1151 2403 1187 2466 in
1209 2403 1343 2469 eeclesia
1365 2404 1459 2470 colle-

413 2501 506 2588 giata
549 2501 590 2565 de
627 2499 806 2578 Aukland’,
838 2523 897 2588 per
930 2502 1034 2587 ipsius
1067 2507 1281 2590 spontaneam
1315 2507 1458 2592 resigna

413 2604 539 2668 tionem
583 2607 747 2683 vacantes,
786 2608 820 2667 et
857 2603 900 2667 ad
936 2609 1082 2669 nostram
1120 2605 1326 2672 collationem
1363 2607 1459 2696 pleno

410 2704 487 2789 jure
531 2708 725 2789 spectantes,
763 2703 884 2768 dilecto
927 2705 1004 2784 filio,
1049 2707 1181 2774 domino
1230 2708 1374 2804 Roberto
1418 2709 1459 2774 dc

415 2805 614 2890 Brompton',
637 2805 844 2888 contulimus,
868 2827 943 2871 cum
965 2807 1116 2874 omnibus
1140 2809 1273 2896 juribus
1295 2815 1329 2875 et
1361 2810 1460 2896 perti·

416 2904 539 2972 nentiis
562 2907 639 2986 suis,
669 2905 797 2972 intuitu
827 2907 994 2986 caritatis;
1026 2909 1120 2975 vobis
1150 2911 1351 2990 mandamus,
1377 2933 1457 2997 qua-

413 3013 511 3072 tenus
542 3007 720 3093 praelatum
751 3007 918 3073 dominum
951 3009 1140 3088 Robertum,
1162 3012 1216 3077 vel
1247 3011 1351 3098 ipsius
1384 3035 1458 3098 pro·

413 3114 597 3175 curatorem
638 3130 697 3174 suo
735 3110 876 3192 nomine,
914 3110 951 3175 in
983 3113 1183 3197 'corporalem
1223 3115 1455 3201 possessionem

411 3212 574 3277 dictorum
611 3211 821 3278 canonicatus
853 3216 888 3277 et
917 3213 1102 3299 praebendas
1134 3214 1307 3296 inducatis,
1338 3223 1374 3284 et
1406 3219 1457 3282 in-

413 3313 550 3378 ductum
584 3312 738 3378 canonice
771 3313 844 3378 vice
881 3318 993 3379 nostra
1026 3315 1218 3397 defendatis,
1251 3319 1385 3384 stallum
1420 3321 1457 3383 in

413 3414 520 3494 choro,
558 3418 593 3479 et
630 3413 704 3494 alia,
742 3421 841 3500 prout
877 3415 1031 3496 decuerit,
1066 3417 1272 3504 assignando.
1332 3421 1457 3488 Valete.

413 3517 540 3582 Datum
584 3515 673 3603 apud
714 3515 877 3595 Stokton',
914 3516 998 3602 xiij⁰.
1031 3519 1085 3585 die
1123 3519 1332 3607 Septembris,
1370 3545 1457 3588 anno

412 3616 548 3682 Domini
580 3616 753 3684 millesimo
787 3617 959 3704 ecaxvjo,
988 3624 1023 3685 et
1055 3622 1304 3689 consecrationis
1336 3629 1457 3691 nostrae

412 3723 513 3784 sexto.

412 3993 562 4045 Commisso
669 3953 838 4038 Ricardus,
853 3957 1065 4044 permissione
1088 3963 1209 4044 divina,
1225 3967 1459 4037 Dunolmensis

411 4061 589 4177 iioessiirildo
623 4056 802 4144 episcopus,
825 4059 944 4126 dilecto
968 4061 1037 4128 filio
1069 4066 1225 4153 magistro
1247 4068 1271 4133 J
1273 4069 1396 4136 ohanni
1417 4070 1458 4137 de

439 4142 471 4176 θ’
504 4142 551 4177 ⁶¹²·
626 4157 766 4237 Norton,
790 4161 938 4243 sulutem,
962 4167 1031 4228 eto.¹
1081 4165 1133 4232 De
1159 4175 1270 4235 vestra
1299 4173 1459 4241 fidelitate

412 4254 540 4321 solicita
585 4263 619 4322 et
669 4258 878 4326 solicitudine
914 4263 1155 4353 circumspecte,
1193 4271 1322 4355 plenam
1374 4276 1460 4341 fidu-

411 4355 496 4421 ciam
529 4364 742 4443 reportantes,
773 4365 807 4426 te
836 4363 1044 4430 denariorum
1077 4374 1262 4436 nostrorum
1300 4361 1386 4439 infra
1419 4377 1459 4440 li-

410 4456 571 4522 bertatem
608 4465 755 4526 nostram
785 4462 826 4528 de
856 4465 1034 4548 Hoveden',
1066 4475 1101 4533 et
1130 4471 1276 4537 omnium
1306 4475 1457 4541 exituum

410 4556 549 4621 manerii
575 4559 616 4624 de
641 4559 812 4641 Hoveden,
834 4565 877 4630 nd
908 4588 968 4632 nos
991 4569 1259 4660 qualitercunque
1289 4577 1456 4662 pertinen·

409 4656 503 4735 tium,
540 4663 653 4724 tenore
697 4666 922 4754 praesentium,
963 4669 1191 4739 constituimus
1235 4681 1454 4764 receptorem3
