3452 5702
400 847 465 921 758
578 861 778 916 sumamus
799 855 1002 910 remumuu
1025 857 1269 910 nunmususu.

247 1057 304 1104 tv·
312 1061 370 1106 1³1⁵·
400 1067 480 1130 sua;
516 1044 576 1133 qui
613 1043 747 1133 quidem
883 1042 1029 1112 officialis
1067 1045 1311 1132 procuratorem
1343 1045 1449 1126 tuum,
1464 1063 1612 1122 manas.

401 1154 461 1216 tuo
483 1148 626 1228 nomine,
648 1149 686 1214 in
708 1145 909 1237 corporalem
930 1144 1166 1236 possessionem
1188 1147 1337 1234 ejusdem
1352 1168 1449 1215 cano-

401 1253 474 1318 nice
506 1251 649 1336 induxit,
676 1250 779 1338 juxta
809 1251 948 1317 formam
981 1249 1133 1316 mandati
1164 1249 1229 1315 sibi
1259 1271 1358 1337 super
1389 1250 1452 1316 hoo

404 1353 543 1434 directi;
566 1357 665 1440 prout
686 1353 723 1418 in
745 1351 851 1420 literis
873 1352 976 1440 ipsius
991 1351 1100 1440 sigillo
1116 1351 1214 1418 officii
1236 1353 1289 1417 sui
1311 1351 1452 1442 signatis

404 1457 469 1524 tibi
492 1477 589 1542 super
610 1455 671 1522 hoc
692 1454 796 1536 fectis,
819 1451 949 1542 plenius
970 1453 1116 1520 vidimus
1138 1453 1299 1521 contineri
1310 1455 1453 1536 3-unde

405 1579 466 1624 nos
488 1557 594 1622 dictas
616 1556 857 1640 admissionem,
880 1555 1135 1638 institutionem,
1158 1557 1384 1623 inductionem
1417 1562 1453 1623 et

402 1659 469 1725 alia
505 1658 616 1726 omnia
649 1659 734 1725 circa
756 1663 790 1725 te
821 1663 857 1726 et
888 1662 1132 1746 procuratorem
1165 1663 1262 1726 tuum
1293 1664 1387 1747 gesta
1419 1665 1455 1726 et

402 1762 526 1840 habite,
560 1767 630 1827 tam
664 1781 723 1850 per
755 1761 1014 1828 commissarium
1046 1765 1198 1828 nostrum
1231 1783 1331 1849 qnam
1363 1813 1371 1829 .
1402 1813 1409 1827 .
1445 1812 1452 1827 .

402 1863 581 1948 officiatem,
597 1863 791 1944 antedictos,
813 1869 903 1931 ratae
925 1865 1092 1945 habentos,
1106 1863 1233 1951 pariter
1246 1869 1280 1930 ot
1295 1869 1453 1951 aceeptus,

402 1987 451 2045 ea,
473 1969 587 2032 tenore
609 1966 830 2053 praesentium,
853 1987 944 2052 quas,
967 1966 1004 2030 in
1033 1966 1277 2053 praemissorum
1305 1967 1454 2032 testimo·

403 2069 496 2134 nium
512 2067 577 2134 tibi
597 2066 670 2133 fieri
691 2066 827 2134 fecimus
849 2071 1010 2154 patentes,
1026 2067 1127 2155 sigini
1142 2069 1249 2135 nostri
1271 2067 1454 2134 munimine

403 2171 583 2253 roboratos,
615 2190 697 2257 quaa
730 2169 941 2248 ratificamus,
975 2174 1192 2256 acceptamus,
1214 2175 1249 2236 et
1270 2171 1371 2236 etiam
1397 2193 1455 2258 ap·

403 2272 588 2360 probamus.
633 2271 760 2340 Valete.
815 2271 942 2338 Datum
964 2271 1053 2360 epud
1075 2271 1231 2359 Ryohale,
1266 2273 1366 2358 xxijo.
1399 2273 1454 2338 die

306 2453 313 2470 δ
403 2375 525 2441 mensis
546 2374 753 2458 Novembris,
769 2395 857 2440 anno
872 2373 1008 2440 Domini
1030 2373 1204 2442 millesimo
1225 2377 1454 2444 trecentesimo

403 2488 484 2557 xv⁰.,
506 2481 541 2544 et
562 2475 812 2544 consecrationis
834 2479 956 2544 nostrae
978 2476 1102 2564 quinto.

237 2658 376 2704 laesuras
672 2649 791 2717 Patent
812 2649 977 2718 universis
999 2671 1058 2739 por
1078 2655 1264 2740 praesentes,
1284 2652 1374 2740 quod
1395 2673 1456 2720 nos

235 2809 261 2852 ,n
296 2823 310 2854 Θ
629 2753 868 2823 ...officietis
890 2753 1017 2820 domini
1039 2753 1273 2822 Dunolmensis
1303 2755 1454 2843 episcopi,

236 2859 360 2956 ffffiqf
407 2855 618 2944 ejusdemque
649 2856 763 2945 petris,
793 2856 836 2922 ad
867 2855 1112 2923 admittendum
1145 2863 1179 2924 et
1212 2857 1456 2925 instituendum

407 2958 579 3025 dominum
601 2959 793 3026 Robertum.
807 2958 848 3025 de
870 2957 1078 3047 Tymparon',
1093 2960 1256 3044 clericum,
1271 2961 1309 3026 in
1323 2960 1457 3028 ecclesia

405 3062 583 3150 parochiali
606 3063 647 3128 de
669 3061 822 3145 Meldon',
845 3063 889 3128 ad
911 3063 1199 3148 praesentationem
1230 3064 1456 3152 religiosorum

404 3165 560 3245 virorum,
577 3213 584 3232 .
609 3215 616 3230 .
641 3214 648 3229 .
671 3163 791 3251 prioris
805 3168 840 3231 et
854 3168 1037 3232 conventus
1053 3165 1196 3234 ecelesiae
1211 3166 1455 3251 Dunolmensis‚

405 3266 646 3336 commissarium
678 3265 836 3355 spedolia,
857 3266 967 3354 ipsum
1001 3267 1172 3334 dominum
1199 3269 1382 3337 Robertum
1413 3271 1457 3338 ed

404 3369 695 3461 praesentationem
733 3369 912 3436 eorundem
957 3369 1182 3458 religiosorum
1220 3371 1377 3456 virorum,
1413 3374 1457 3439 ad

407 3474 530 3540 dictam
568 3471 736 3540 ecclesium
767 3471 808 3538 de
840 3469 994 3555 Meldon’,
1027 3471 1178 3538 dioecesis
1211 3472 1454 3556 Dunolmensis‚

405 3580 588 3656 vacantem,
611 3573 712 3640 etad
743 3573 891 3661 ipsorum
920 3575 1212 3661 praesentationem
1243 3580 1454 3666 spectantem,
1540 3663 1543 3668 Ι

405 3676 606 3757 admisimus,
632 3678 667 3741 et
693 3674 831 3763 [ipsum]
857 3679 1017 3742 rectorem
1040 3675 1247 3744 instituimus
1270 3679 1307 3744 in
1332 3679 1454 3747 eadem.

408 3775 451 3842 In
473 3776 568 3862 cujus
590 3776 639 3842 rei
660 3777 898 3855 testimonium,
921 3776 982 3845 has
1003 3778 1119 3846 literas
1140 3785 1271 3848 nostras
1301 3785 1456 3868 petentes

406 3877 471 3946 sibi
500 3876 574 3944 fieri
594 3875 738 3957 fecimus,
762 3877 870 3966 sigillo
893 3929 902 3949 .
925 3931 932 3947 .
954 3931 963 3949 .
985 3880 1199 3949 officialitatis
1221 3881 1456 3950 Dunolmensis

405 3982 561 4070 signatas.
607 3978 734 4047 Datum
764 3979 934 4064 Dunolmi,
957 3982 1003 4068 vj.
1036 3983 1080 4052 id.
1125 3983 1334 4066 Novembris,
1367 4007 1455 4053 enno

404 4083 542 4151 Domini
564 4081 738 4150 millesimo
760 4082 990 4150 trecentesimo
1012 4097 1084 4158 xv0.

274 4247 367 4295 ΗΜ·
405 4283 538 4352 Inqumtio
559 4285 660 4340 ,im
751 4257 1035 4329 Reverendissimo
1065 4263 1103 4328 in
1134 4263 1268 4332 Christo
1300 4267 1390 4354 patri
1422 4273 1456 4335 et

235 4309 392 4457 {afflet
405 4353 572 4419 decorem
704 4360 847 4443 domino,
885 4361 1019 4430 domno
1058 4364 1208 4450 mereo,
1237 4366 1303 4434 nes
1338 4369 1457 4456 grass

235 4423 393 4572 th‘
405 4456 623 4526 Dunolmensi
645 4460 804 4551 episeopo,
819 4463 947 4532 domini
967 4466 1190 4536 archidiaconi
1203 4469 1239 4536 N
1240 4469 1457 4540 orthumbriae

236 4561 342 4616 corbus·
405 4556 560 4640 officialis,
582 4562 732 4647 salutem,
759 4565 990 4649 obedientiam,
1011 4571 1240 4658 reverentiam,
1262 4573 1387 4661 pariter
1420 4580 1457 4641 et

405 4657 570 4728 honorem.
630 4664 826 4734 Mandatum
857 4674 1006 4738 vaetrum
1038 4694 1144 4762 nuper
1174 4676 1281 4762 recepi
1313 4677 1350 4740 in
1383 4676 1456 4744 haec

572 4847 580 4880 ¹
596 4848 714 4903 Another
723 4849 788 4918 torm
799 4853 829 4906 of
837 4855 879 4908 the
890 4855 1041 4912 instrument
1051 4859 1078 4912 in
1089 4876 1154 4929 page
1167 4865 1215 4914 756
1227 4869 1293 4914 ante.
