3502 6108
392 779 478 844 1212
567 791 990 842 ano1srauurs1nrrnurr
1013 793 1254 843 nunanunnsu

238 994 360 1048 tulela
389 980 563 1064 praedictas
592 980 763 1045 duodecim
794 1001 895 1058 acras,
917 981 960 1044 ad
982 980 1208 1045 molendinum
1239 980 1320 1045 dicti
1343 979 1435 1044 Hen-
1448 991 1614 1049 salsber-

389 1080 457 1158 rioi‚
473 1083 543 1148 sine
564 1081 717 1148 multura.
755 1082 789 1146 N
789 1105 826 1148 os
841 1104 919 1148 vero
934 1083 1220 1168 supranominatas
1235 1082 1433 1161 collationes,

388 1191 477 1248 ratas
515 1189 549 1249 et
578 1189 688 1270 gratas
726 1183 893 1264 habentes,
929 1185 1184 1270 praenominatas
1216 1189 1330 1264 terras,
1360 1205 1435 1248 cnm

389 1284 509 1350 debitis
530 1285 740 1350 libertatibus
762 1290 797 1349 et
819 1285 932 1350 liberis
953 1285 1253 1366 consuetudinibus,
1269 1285 1435 1372 praedictis

391 1387 503 1451 domui
526 1392 560 1452 et
590 1387 759 1464 fratribus,
782 1387 868 1452 sicut
899 1408 953 1452 eas
971 1386 1063 1471 juste
1094 1387 1286 1473 possident,¹
1317 1387 1433 1453 confir·

389 1509 525 1566 mamus,
547 1495 582 1553 et
613 1487 785 1575 prasentia
822 1489 935 1575 scripti
972 1489 1156 1574 patrocinio
1185 1489 1431 1554 communimus.

389 1589 603 1654 Concedimue
634 1590 732 1654 etiam
758 1589 889 1668 eisdem,
912 1596 951 1654 ut
973 1591 1071 1656 liceat
1093 1592 1140 1656 eis
1161 1591 1282 1656 habere
1313 1590 1435 1654 molen-

387 1691 502 1755 dinum
541 1691 628 1755 infra
664 1698 758 1777 septa
794 1691 893 1756 curies
931 1713 1006 1773 suae,
1038 1691 1073 1756 ¹et
1105 1693 1228 1757 ibidem
1268 1694 1434 1779 proprium

388 1791 522 1859 bladum
554 1791 655 1857 libere
686 1793 832 1873 molere;
859 1793 908 1858 ita
940 1799 1062 1870 tamen,
1094 1793 1182 1878 quod
1213 1794 1359 1858 alienum
1393 1793 1436 1859 ad

387 1894 575 1959 molendum
604 1894 727 1960 ibidem
758 1915 825 1959 non
858 1894 1049 1960 admittant.
1096 1895 1296 1960 Remisimus
1324 1901 1437 1960 autern

388 1995 511 2061 eisdem
534 1999 798 2082 inperpetuum,
821 1996 863 2061 ad
886 1998 1126 2084 reparationem
1150 1997 1215 2062 viae
1247 2017 1321 2082 quas
1347 1998 1437 2082 jacet

388 2097 475 2163 inter
501 2098 725 2163 coemeterium
749 2102 783 2162 et
805 2097 960 2162 Twedam
985 2103 1126 2183 quatuor
1151 2098 1270 2163 solidos
1301 2119 1436 2175 annuos,

389 2221 471 2284 quos
493 2200 676 2264 solebamus
698 2199 741 2264 ab
764 2200 811 2263 eis
833 2199 1006 2285 percipere,
1029 2199 1163 2283 nomine
1184 2201 1338 2266 multura
1361 2220 1436 2264 suae.

390 2301 435 2366 Et
457 2301 493 2365 in
515 2301 614 2386 hujus
636 2301 684 2366 rei
709 2301 946 2378 testimonium,
970 2302 1124 2387 praesenti
1146 2303 1269 2386 scripto
1291 2301 1436 2386 sigillum

389 2409 541 2468 nostrum
572 2403 695 2489 apponi
728 2402 872 2468 fecimus.
918 2402 1071 2467 'Postibus
1100 2403 1278 2489 magistris,
1301 2403 1437 2492 Simone

390 2505 653 2582 Poenitcntiario,
669 2503 829 2569 Michaele
851 2505 892 2568 de
907 2505 1057 2582 Benton',
1072 2505 1216 2591 Hugone
1231 2505 1272 2570 de
1289 2504 1435 2582 Sahirst’,

389 2608 496 2693 Ogero
519 2607 559 2672 de
574 2606 693 2692 Tyeys,
710 2605 883 2686 willelmo,
907 2605 1076 2691 Stephano
1098 2613 1134 2671 et
1147 2607 1291 2694 'Rogern
1313 2607 1437 2672 clericis

389 2708 523 2786 nostris,
546 2714 581 2773 et
613 2707 695 2772 aliis.
741 2705 865 2772 Datum
902 2708 991 2793 apud
1022 2707 1191 2794 Fenwyk',
1214 2729 1273 2794 per
1301 2729 1437 2772 manum

391 2809 528 2875 Henriei
552 2808 710 2895 capellani
734 2809 848 2886 nostri,
871 2809 972 2873 tertio
996 2831 1099 2874 nonas
1126 2809 1331 2888 Novembris,
1355 2831 1437 2896 pon-

390 2911 536 2977 tificatus
550 2911 656 2975 nostri
678 2931 765 2975 auno
789 2909 1067 2989 octavo—Quam
1091 2911 1225 2997 quidam
1248 2911 1378 2976 literam
1400 2912 1437 2975 in

390 3012 542 3077 omnibus
565 3017 600 3076 et
629 3011 767 3097 singulis
790 3017 896 3075 ratam
919 3011 1088 3090 habentes,
1113 3019 1147 3076 et
1168 3017 1306 3097 gratam,
1331 3013 1436 3098 ipsam

389 3099 617 3199 approbamus,
641 3118 858 3199 acceptamus,
873 3117 916 3189 et,
931 3114 1152 3198 quantumin
1175 3114 1272 3178 nobis
1294 3119 1353 3192 est,
1376 3135 1436 3199 pro

387 3215 483 3281 nobis
506 3221 540 3280 et
553 3214 676 3280 nostris
698 3213 945 3292 successoribus,
960 3214 1197 3280 confirmamus.
1242 3216 1319 3280 Hiis
1342 3216 1436 3280 testi·

389 3317 460 3393 bus,
476 3317 650 3403 magistris,
665 3316 689 3381 J
689 3316 819 3382 ohanne
835 3317 876 3381 de
892 3315 1015 3396 Insula,
1023 3315 1110 3402 juris
1125 3316 1233 3381 civilis
1249 3317 1436 3402 professore,

387 3419 541 3485 Johanne
564 3419 604 3482 do
627 3417 818 3503 Snaynton',
843 3417 987 3482 Henrico
1010 3417 1050 3482 de
1065 3415 1210 3504 Luceby,
1231 3418 1372 3483 Ricardo
1394 3419 1436 3482 de

388 3521 511 3596 Genea,
526 3519 667 3584 Ricardo
690 3518 731 3583 de
754 3519 886 3596 Hoton',
902 3519 1035 3597 clericis,
1050 3518 1216 3584 Willelmo
1238 3520 1279 3583 de
1294 3519 1435 3595 Denum,

388 3621 463 3686 Ada
485 3621 526 3684 de
549 3619 686 3706 Boghes,
708 3618 873 3684 Willelmo
903 3619 944 3684 de
967 3619 1102 3697 Auford,
1125 3625 1160 3684 et
1182 3620 1262 3684 aliis
1310 3619 1435 3685 Datum

316 3772 319 3778 .
388 3723 477 3808 apud
519 3721 696 3797 Aukland’‚
734 3721 854 3805 xxvijo.
902 3720 955 3784 die
1000 3721 1135 3806 Aprilis,
1173 3743 1261 3787 anno
1300 3722 1436 3786 Domini

388 3821 615 3906 u⁰.ccc⁰.xiij⁰.,
638 3827 673 3886 et
694 3821 906 3907 pontificatus
929 3821 1032 3886 nostri
1055 3822 1204 3886 secundo.

219 4031 366 4126 fflffid,
388 4013 466 4122 dm,
494 4068 616 4120 willelmi
697 4025 864 4101 Ricardus,
902 4022 1114 4109 permissione
1148 4023 1272 4100 divina,
1309 4025 1436 4089 Dunol·

219 4131 312 4224 iddhis
320 4182 343 4225 or
387 4137 432 4186 filii
445 4135 567 4187 willelmi
584 4136 616 4184 ue
649 4126 770 4191 mensis
801 4124 979 4210 episcopus,
1011 4125 1162 4189 omnibus
1196 4125 1281 4190 hanc
1311 4133 1435 4190 cartam

220 4232 335 4334 ssvffil
388 4202 497 4300 DQ·
650 4228 771 4292 visuris
792 4226 847 4290 vel
869 4226 1042 4304 audituris,
1064 4226 1204 4290 salutem
1234 4226 1270 4291 in
1293 4227 1436 4293 Domino

78 4418 83 4425 ⁴
204 4293 378 4431 ,mullssmp
387 4336 627 4421 sempiternam.
675 4329 796 4395 Sciatis
817 4349 877 4392 nos
900 4329 1037 4419 dedisse,
1061 4333 1095 4392 et
1126 4329 1188 4393 hac
1211 4334 1302 4394 carta
1324 4335 1437 4394 nostra

220 4431 357 4526 gfflsslffi
388 4439 603 4512 confirmasse,
648 4433 767 4497 dilecto
805 4430 960 4494 servienti
1006 4435 1125 4507 nostro,
1165 4431 1330 4496 Willclmo
1367 4431 1436 4495 filio

390 4603 430 4610 ι,-
454 4603 507 4609 -.....
519 4595 749 4608 -.-—--..-—-—-

704 4680 711 4712 ¹
727 4677 867 4746 possident]
881 4677 1013 4743 president
1026 4679 1052 4726 in
1065 4679 1120 4728 MS.
