3562 5710
507 857 704 908 armsrauu
727 855 928 908 ranarmmr
951 857 1194 908 nuunnurusn.
1288 843 1372 908 1041

156 1049 200 1094 an.
209 1049 286 1104 aare,
294 1055 314 1097 a.
325 1037 522 1122 requirimus
552 1042 587 1102 et
612 1058 773 1124 rogamus,
796 1043 967 1123 quatenus,
989 1038 1092 1126 ipsius
1115 1039 1201 1126 regie
1216 1040 1372 1126 exequias
1405 1056 1461 1100 an.
1470 1059 1528 1100 1³14.

324 1140 444 1204 devote
467 1143 501 1204 et
522 1137 711 1204 solemniter
733 1139 942 1217 celebrantea
957 1139 1028 1225 ejus
1048 1141 1202 1219 animam,
1220 1163 1294 1206 eum
1318 1142 1373 1207 de·

324 1241 511 1307 cantatione
556 1240 739 1317 Missurum,
772 1241 910 1327 aliisque
948 1242 1141 1308 devotarum
1186 1244 1372 1308 orationum

325 1342 498 1430 suffragiis,
512 1341 576 1427 ipsi
591 1343 661 1408 Deo
677 1342 755 1407 vivo
771 1348 805 1408 et
821 1365 898 1408 vero
921 1344 1105 1430 specialiter
1120 1346 1375 1426 commendetis;

322 1446 490 1531 ipsamque
524 1445 567 1510 ab
603 1443 767 1510 universis
805 1450 840 1510 et
870 1445 1007 1531 singulis
1038 1445 1208 1531 religiosis,
1232 1451 1266 1510 et
1295 1447 1385 1511 aliis

322 1547 469 1633 personis
484 1545 717 1624 ecclesiasticis,
728 1546 870 1611 subditis
886 1547 1014 1623 vestris,
1030 1568 1088 1632 per
1105 1552 1210 1612 totam
1226 1551 1370 1612 vestram

323 1641 490 1714 dioesesim
512 1647 733 1714 commendari
762 1669 821 1733 per
843 1646 1035 1734 hujusmodi
1058 1647 1215 1734 suffragia
1236 1648 1374 1715 faciatis.

324 1750 420 1816 Teste
441 1750 573 1836 meipso,
607 1749 696 1836 apud
726 1749 876 1836 langele,
899 1759 965 1816 κιο.
988 1749 1043 1816 die
1066 1749 1264 1830 Decembris,
1286 1771 1374 1818 anno

324 1853 417 1940 regni
439 1853 543 1919 nostri
566 1857 691 1918 octavo.
1043 1855 1045 1860 '

324 2083 406 2134 Breve
422 2085 456 2134 ad
471 2098 584 2147 superse·
662 2058 853 2136 Edwardus
878 2057 942 2122 Del
964 2057 1079 2143 gradi&
1095 2063 1165 2138 Μ’
1189 2057 1371 2124 venorabili
1385 2064 1521 2164 aprime

322 2149 525 2268 ‘¹⁰=¹,¹,‘¹¹¹¹¹¹w[⁹¹⁰]
542 2165 585 2264 eg
618 2159 653 2223 in
685 2159 817 2225 Christo
851 2159 947 2244 patri,
979 2165 1048 2235 etc,
1082 2158 1230 2226 salutem,
1288 2159 1372 2224 Cum
1385 2129 1542 2262 ffl'u

323 2232 390 2346 ffi,
410 2229 586 2345 migfflpil
619 2282 678 2347 pro
700 2260 813 2325 arduis
834 2260 985 2346 negotiis,
1001 2281 1060 2325 nos
1083 2265 1117 2324 et
1132 2266 1257 2325 statum
1280 2260 1372 2346 regni
1385 2231 1543 2361 ffissffi'lp

324 2348 403 2397 endis.
622 2362 726 2426 nostri
742 2361 1017 2448 contingentibus,
1033 2361 1283 2447 parliamentum
1300 2384 1374 2426 nos·
1385 2365 1537 2472 fflffip·

323 2465 412 2526 trum
443 2462 531 2548 apud
554 2462 881 2528 Westmonasterium
911 2485 1016 2548 nuper
1039 2463 1210 2528 fecerimus
1232 2465 1508 2562 ειιιηιιιο·ῧὶῐρζξίώῐΙ
1591 2503 1593 2508 -

322 2563 402 2641 neri,
425 2563 513 2649 quod
546 2584 613 2628 non
646 2563 849 2629 intendimus
879 2584 939 2629 vos
973 2564 1083 2642 latere,
1107 2585 1145 2629 ac
1168 2565 1307 2631 dilectus
1339 2569 1373 2630 et

323 2663 429 2728 fidelis
450 2669 569 2744 noster,
586 2664 694 2730 Guido
717 2664 758 2730 de
780 2664 872 2730 Bello
888 2664 1020 2751 Campo
1035 2686 1142 2731 comes
1157 2665 1373 2751 Warrewyk',

323 2765 446 2830 ibidem
476 2766 695 2833 demandato
717 2770 838 2844 nostro,
862 2787 936 2832 cum
960 2766 1105 2853 praelatis
1135 2771 1169 2831 et
1192 2765 1266 2831 aliis
1297 2788 1371 2853 pro·

320 2867 448 2933 ceribus
463 2868 557 2955 regni
579 2869 691 2948 nostri,
716 2889 774 2954 pro
799 2867 898 2934 dietis
920 2867 1060 2954 negotiis
1086 2867 1123 2931 in
1152 2868 1302 2953 proximo
1325 2869 1371 2932 sit

321 2974 500 3051 ventmus3
531 2975 565 3036 et
595 2971 689 3035 nobis
721 2970 850 3035 dederit
882 2969 1025 3055 intelligi
1055 2970 1143 3054 quod
1166 2967 1294 3034 Alanus
1329 2969 1370 3034 de

322 3071 476 3137 Tesedele
498 3072 693 3137 arrainiavit
725 3072 884 3157 quasdam
910 3071 1029 3136 assises
1052 3069 1159 3135 Nova
1182 3069 1378 3136 Diseeisinee·

321 3194 434 3239 versus
457 3173 630 3260 praefatum
656 3173 816 3250 comitem,
844 3178 879 3236 et
907 3171 989 3237 alios
1012 3172 1048 3235 in
1071 3170 1227 3237 brevibus
1253 3173 1373 3237 vestris

321 3274 537 3361 originalibus
562 3279 741 3352 contentos,
771 3274 812 3338 de
837 3272 1036 3359 quibusdam
1059 3272 1260 3337 tenementis
1286 3273 1373 3340 infra

322 3376 509 3442 libertatem
525 3381 669 3441 vestram
684 3374 889 3461 episcopatus
911 3371 1083 3460 praedicti3
1105 3378 1139 3439 et
1161 3375 1262 3440 etiam
1286 3375 1373 3462 quod

322 3477 439 3543 Petrus
462 3478 503 3542 de
525 3478 558 3544 le
581 3477 677 3562 Haye
700 3474 894 3540 anainiavit
916 3475 1084 3560 quandam
1105 3476 1241 3541 assisam
1265 3474 1371 3541 Novae

322 3580 511 3646 Disseisinae
534 3600 648 3644 versus
671 3573 844 3664 praefatun'r
875 3576 1037 3656 comitem,
1060 3581 1095 3642 et
1117 3577 1198 3643 alios
1220 3577 1256 3642 in
1278 3577 1372 3642 brevi

321 3689 432 3747 vestro
468 3679 621 3766 originali
658 3682 837 3756 contentos,
870 3677 911 3743 de
942 3677 1137 3763 quibusdam
1172 3679 1370 3744 tenementis

321 3785 409 3849 infra
432 3783 620 3848 libertatem
658 3786 801 3844 vestram
838 3778 1051 3865 praedictam
1081 3779 1232 3864 quodque
1262 3779 1368 3846 eidem

322 3885 436 3950 comiti
464 3884 501 3948 in
531 3883 680 3968 captione
710 3879 886 3946 assisarum
918 3881 1155 3966 praedictarum,
1179 3879 1207 3943 si
1238 3881 1273 3945 in
1297 3881 1367 3966 ejus

321 3985 471 4052 absentia
507 3985 550 4050 ad
584 4005 657 4050 eam
686 3981 922 4070 procederetur,
952 3987 1061 4067 posset
1095 3979 1369 4048 exhaeredationis

321 4087 502 4172 periculum
518 4085 669 4160 evenire3
693 4105 751 4170 per
766 4083 853 4168 quod
868 4082 962 4146 nobis
986 4080 1193 4168 supplicavit,
1209 4087 1248 4146 ut
1269 4082 1369 4148 lieen-

320 4188 403 4253 tiam
424 4188 488 4254 sibi
503 4187 758 4262 concederemus,
775 4183 862 4269 quod
882 4183 1004 4249 adieto
1028 4182 1244 4268 parliamento
1267 4206 1369 4270 usque

320 4291 363 4356 ad
393 4291 514 4356 dictam
543 4287 730 4353 libertatem
753 4279 905 4366 uestram,
936 4307 975 4350 ea
997 4284 1039 4350 de
1068 4305 1166 4351 causa
1194 4293 1305 4371 posset
1334 4308 1367 4352 se

320 4393 514 4459 transferret
538 4412 598 4456 nos
628 4388 870 4455 considerantes
905 4388 992 4472 quod
1026 4387 1116 4453 dicta
1141 4388 1284 4474 negotia,
1308 4411 1366 4475 pro

320 4495 439 4580 quibus
461 4494 587 4561 dictum
610 4491 864 4578 parliamentum
893 4488 1029 4554 fecimus
1052 4489 1259 4566 summoneri,
1282 4510 1367 4555 eom·

320 4599 493 4684 munisque
522 4594 681 4662 utilitatis
703 4591 752 4657 rei
780 4589 931 4678 publieae,
964 4611 1022 4676 per
1050 4591 1235 4656 absentiam
1262 4589 1366 4676 ipsius

408 4715 483 4766 vol..
507 4717 545 4764 11.
1168 4707 1235 4756 ΔΑ
