3564 5744
519 812 719 864 nnersrnun
741 810 946 864 PALATINUM
968 811 1211 865 numerarer.
1302 797 1390 868 1097

172 998 457 1065 An-Enimballivi
479 999 632 1088 praedicti
657 1000 797 1066 Antonii
821 1001 857 1064 in
872 999 1053 1066 Oomdoun'
1079 1005 1112 1065 et
1127 1003 1310 1086 receptores
1333 999 1389 1064 de·
1420 1020 1542 1070 mma

341 1102 507 1166 nariorum
546 1121 685 1167 suorum.
732 1103 777 1166 Et
809 1101 995 1168 Johannem
1030 1102 1222 1178 Woderoue,
1251 1101 1294 1166 ad
1316 1102 1390 1166 red·

342 1203 486 1268 dendum
520 1203 666 1289 praefatis
699 1203 845 1270 Johanni
886 1204 926 1268 de
960 1204 1083 1269 Foxole
1117 1209 1151 1269 et
1184 1204 1318 1270 Thomae
1352 1204 1393 1268 de

343 1304 514 1390 Wylugby
529 1304 759 1370 rationabilem
781 1310 969 1390 compotum
984 1327 1080 1370 auum
1104 1306 1145 1368 de
1160 1307 1306 1392 tempore
1329 1327 1393 1389 quo

344 1406 409 1472 fuit
439 1407 583 1471 ballivus
616 1427 694 1470 suus
728 1406 763 1470 in
787 1407 983 1484 Aukaland',
1008 1411 1042 1471 et
1064 1411 1212 1492 receptor
1243 1406 1393 1471 denario-

343 1528 417 1572 rum
440 1529 583 1573 euorum.
629 1509 674 1572 Et
697 1507 883 1573 Johannem
899 1509 940 1573 de
964 1505 1115 1584 Denton’‚
1131 1508 1174 1572 ad
1190 1507 1393 1572 reddendum

344 1608 490 1695 praefatis
515 1607 663 1674 Johanni
698 1609 739 1674 de
765 1609 888 1674 Foxole
920 1615 955 1674 et
989 1609 1122 1674 Thomae
1152 1609 1193 1673 (16
1221 1607 1393 1694 Wylugby

345 1709 577 1776 rationabilem
616 1715 806 1796 compotum
847 1732 943 1775 suum
977 1710 1017 1775 (16
1052 1716 1199 1796 tempore
1231 1731 1297 1796 quo
1329 1711 1394 1774 fuit

345 1816 493 1898 receptor
523 1812 731 1876 denariorum
758 1812 908 1898 praedicti
938 1813 1086 1887 Antonii.
1133 1814 1178 1877 Et
1207 1812 1394 1878 Johannem

347 1914 472 1991 Baron',
495 1913 538 1976 ad
563 1913 765 1978 reddendum
781 1913 928 2000 praefatis
962 1914 986 1978 J
988 1915 1111 1979 ohanni
1142 1913 1182 1979 de
1209 1913 1332 1978 Foxole
1361 1919 1395 1978 et

347 2015 481 2080 Thomae
507 2015 547 2079 (16
573 2014 733 2101 Wilugby
755 2015 985 2079 rationabilem
1022 2021 1209 2102 compotum
1232 2036 1328 2078 suum
1355 2014 1396 2078 de

347 2122 494 2203 tempore
510 2139 575 2202 quo
590 2117 656 2181 fuit
680 2117 824 2181 ballivus
846 2117 997 2204 praedicti
1012 2117 1154 2181 Antonii
1170 2117 1206 2180 in
1231 2115 1396 2192 Stekton',

348 2223 382 2282 et
396 2222 543 2301 receptor
565 2216 774 2282 denariorum
789 2239 929 2282 suorum.
975 2219 1020 2282 Et
1035 2219 1179 2283 Alanum
1201 2217 1241 2282 (16
1257 2217 1396 2301 Cassop’,

348 2319 391 2382 ad
419 2318 623 2383 reddendum
649 2318 796 2403 praefatia
818 2319 965 2384 Johanni
988 2320 1028 2384 de
1054 2320 1177 2385 Foxole
1203 2331 1237 2384 et
1262 2319 1396 2384 Thomae

349 2419 389 2483 (16
404 2418 574 2506 Wylugby
601 2420 827 2485 rationabilem
851 2426 1037 2506 compotum
1059 2441 1155 2486 suum
1182 2421 1223 2486 (16
1250 2427 1396 2506 tempore

349 2542 415 2605 quo
447 2520 514 2584 fuit
544 2521 686 2585 ballivus
721 2522 870 2607 praedicti
892 2521 1032 2587 Antonii
1055 2523 1091 2586 in
1115 2521 1339 2602 Quekendon’,
1363 2527 1397 2586 et

348 2627 497 2708 receptor
519 2622 728 2686 denariorum
751 2643 893 2689 sucrum.
940 2624 985 2688 Et
1007 2623 1192 2688 Johannem
1218 2623 1259 2688 de
1274 2622 1397 2688 Corne-

348 2723 430 2800 ford,
452 2722 496 2787 ad
528 2722 732 2788 reddendum
764 2724 911 2810 praefatis
948 2724 1097 2789 Johanni
1128 2725 1169 2788 de
1201 2724 1324 2788 Foxole
1362 2729 1397 2788 et

348 2824 482 2890 Thomae
504 2825 544 2889 de
567 2824 727 2912 Wilugby
758 2824 989 2890 rationabilem
1016 2829 1204 2911 compotum
1236 2845 1332 2889 suum
1356 2824 1397 2889 de

348 2931 496 3011 tempore
518 2947 583 3011 quo
606 2925 670 2991 suit
693 2925 835 2991 ballivus
858 2927 1008 3012 praedicti
1034 2925 1174 2990 Antonii
1198 2925 1233 2989 in
1256 2924 1397 2990 Middol-

347 3027 434 3105 ham,
458 3032 492 3091 at
506 3031 655 3113 receptor
670 3027 878 3092 denariorum
902 3049 1044 3092 suorum.
1089 3028 1134 3090 Et
1157 3026 1339 3091 Robertum
1356 3027 1397 3090 (16

349 3127 511 3205 Litelbirs,
535 3128 578 3192 ad
600 3128 804 3193 reddendum
828 3128 975 3216 praefatie
989 3127 1012 3193 J
1015 3127 1138 3194 ohanni
1162 3128 1202 3194 de
1218 3127 1340 3192 Foxole
1363 3132 1397 3192 et

349 3227 485 3294 Thomae
518 3229 559 3294 (16
590 3228 772 3316 Wylugby‚
801 3229 1033 3294 rationabilem
1074 3235 1263 3314 compotum
1300 3249 1394 3292 auum

349 3330 390 3394 de
415 3336 562 3417 tempore
600 3351 665 3416 quo
705 3331 772 3395 fuit
812 3337 960 3415 receptor
994 3331 1202 3394 denariorum
1247 3329 1397 3416 praedicti

349 3431 497 3496 Antonii.
542 3431 587 3496 Et
604 3431 738 3496 Petrum
762 3432 803 3496 de
826 3431 1004 3516 Thoresby,
1019 3431 1062 3495 ad
1088 3431 1291 3496 reddendum
1314 3451 1398 3515 prae-

349 3533 427 3598 fatia
457 3532 605 3598 Johanni
635 3533 675 3597 (16
708 3532 831 3598 Foxole
865 3537 899 3597 et
921 3533 1055 3597 Thomae
1086 3532 1126 3596 de
1149 3531 1309 3617 Wilugby
1347 3552 1399 3594 ra·

328 3631 329 3636 ’
351 3633 542 3699 tionabilem
557 3639 746 3720 compotum
762 3656 858 3699 suum
874 3634 915 3698 de
932 3639 1077 3719 tempore
1092 3654 1157 3717 quo
1173 3633 1238 3696 fuit
1252 3637 1399 3716 receptor

351 3735 559 3800 denariorum
582 3735 731 3822 praedicti
761 3735 910 3801 Antonii.
956 3736 1001 3799 Et
1023 3734 1185 3800 Jacobum
1215 3733 1245 3799 16
1277 3733 1399 3820 Spicer,

351 3837 394 3902 ad
416 3837 618 3902 reddendum
641 3837 788 3923 praefatis
818 3835 964 3901 Johanni
998 3836 1039 3900 de
1061 3835 1185 3900 Foxole
1209 3839 1242 3899 et
1264 3835 1398 3899 Thomae

351 3939 392 4003 (16
414 3937 585 4026 Wylugby
607 3931 838 4005 rationabilem
866 3943 1054 4024 compotum
1078 3959 1174 4002 suum
1197 3935 1238 4000 de
1252 3941 1399 4022 tempore

351 4061 416 4126 quo
449 4039 515 4104 filit
546 4045 695 4126 receptor
727 4039 936 4126 denariorum
974 4039 1125 4124 praedicti
1159 4037 1308 4102 Antonii.
1355 4037 1400 4101 Et

350 4141 537 4206 Johannem
563 4139 717 4218 Shirlok',
732 4141 775 4206 ad
797 4140 1001 4206 reddendum
1024 4139 1172 4225 praefatis
1194 4137 1343 4203 Johanni
1358 4139 1400 4203 de

352 4243 474 4308 Foxole
497 4248 530 4308 et
553 4244 687 4308 Thomae
711 4243 751 4308 da
768 4243 939 4329 Wylugby
961 4241 1191 4307 rationabilem
1213 4243 1400 4324 compotum

351 4367 448 4410 suum
471 4347 511 4411 de
546 4351 693 4431 tempore
727 4365 792 4431 quo
824 4344 891 4408 fuit
912 4349 1061 4428 receptor
1087 4342 1295 4407 denariorum
1318 4362 1400 4425 prae-

352 4447 433 4512 dicti
455 4447 603 4513 Antonii.
649 4449 695 4512 Et
720 4447 878 4511 Thomam
902 4447 943 4510 de
969 4445 1116 4509 Beleowe
1143 4448 1178 4509 et
1202 4443 1400 4508 Nicholaum

351 4548 382 4612 la
405 4548 544 4614 Provost
579 4549 619 4613 (16
646 4547 836 4626 Wermuth'‚
860 4548 904 4611 ad
935 4545 1139 4628 reddendum
1173 4543 1322 4629 praefatis
1343 4543 1401 4608 Jo-

351 4650 454 4716 hanni
484 4651 526 4716 dc
550 4649 672 4715 chole
695 4653 730 4714 et
752 4650 886 4715 Thornae
913 4649 953 4714 de
976 4647 1147 4734 Wylugby
1170 4645 1400 4712 rationabilem
