3566 5712
407 813 473 876 814
677 821 875 872 sacramen
897 821 1100 870 rsmrrunn
1122 819 1360 870 nuunaumsn

252 1016 378 1065 mml-
412 1018 550 1095 ominus,
591 1014 679 1102 quod
716 1014 804 1078 infra
834 1028 958 1078 annum
988 1032 1010 1076 a
1041 1017 1189 1098 tempore
1230 1010 1452 1077 institutionis
1464 1024 1622 1078 innatet

407 1143 476 1186 euae
506 1120 543 1184 in
573 1117 684 1183 eadem
730 1116 863 1184 ecclesia
893 1137 927 1180 se
959 1135 1026 1180 non
1059 1113 1249 1200 procuravit
1293 1112 1330 1179 in
1363 1135 1452 1201 pres-

406 1225 561 1309 byterum
593 1217 744 1296 ordinari,
776 1238 837 1283 nec
870 1216 977 1282 adhuc
1004 1215 1178 1283 ,ordinatus
1211 1216 1336 1297 existit,
1367 1214 1452 1281 sicut

407 1325 495 1402 dicit,
527 1328 627 1410 prout
659 1321 720 1386 hoc
750 1339 860 1386 coram
895 1318 988 1384 vobis
1019 1318 1056 1383 in
1090 1317 1194 1383 forma
1221 1319 1306 1401 juris
1338 1318 1452 1384 docere

408 1424 531 1492 obtulit
554 1445 588 1488 se
610 1427 784 1510 paretum3
806 1418 981 1507 praefatum
998 1419 1175 1505 Hugonem
1198 1419 1296 1486 dicte
1326 1441 1451 1507 posscs-

406 1527 499 1608 sioni,
533 1529 572 1591 ut
604 1522 826 1610 praemittitur,
860 1521 1113 1601 incumbentem,
1152 1521 1241 1586 facta
1271 1522 1362 1607 prius
1393 1542 1451 1607 per

406 1652 473 1706 vos,
498 1649 555 1694 seu
577 1625 773 1692 auctoritate
796 1627 914 1701 vestra,
937 1623 1103 1701 citatione,
1127 1643 1209 1708 quas,
1227 1625 1328 1708 juxta
1349 1624 1452 1710 ipsius

405 1730 530 1816 negotii
561 1727 756 1814 qualitatem
787 1729 822 1790 et
854 1728 1016 1802 naturam,
1038 1724 1266 1810 requirebatur
1287 1724 1328 1791 dc
1355 1725 1452 1811 jure;

407 1834 566 1918 doctoque
589 1830 624 1893 in
654 1831 777 1894 eventu
799 1847 859 1912 per
880 1825 1005 1893 dictum
1033 1830 1270 1913 praesentatum
1294 1826 1335 1908 de
1356 1850 1451 1894 vaca-

406 1936 497 2001 tione
519 1930 688 2020 praedictae
710 1927 853 1995 ecclesiae
874 1932 909 1992 et
931 1927 1037 1994 causis
1058 1929 1241 1994 vacationis
1255 1929 1451 2015 hujusmodi,

406 2057 463 2122 per
478 2037 596 2121 ipsum,
607 2039 646 2098 ut
657 2031 881 2118 praemittitur,
895 2031 1076 2117 pratensis,
1088 2031 1264 2116 praefatum
1276 2033 1452 2119 Hugoncm

405 2140 448 2204 ab
480 2137 593 2202 eadem
628 2133 770 2208 ccclesia,
793 2138 955 2218 quatenus
987 2133 1018 2195 ei
1050 2132 1091 2197 de
1124 2133 1211 2198 facto
1242 2135 1453 2202 incumbebat

406 2239 560 2317 amoveri,
594 2242 628 2302 ct
664 2235 793 2300 nullum
826 2233 883 2320 jus
914 2233 1033 2300 habere
1065 2235 1102 2298 in
1134 2235 1248 2301 eadem
1283 2236 1451 2318 declarari,

405 2342 610 2426 eundemque
642 2341 875 2424 praesentatum
899 2335 941 2400 ad
972 2336 1108 2402 eandem
1140 2358 1279 2423 parvos
1309 2338 1452 2418 admitti,

405 2466 444 2510 ac
477 2445 513 2508 in
543 2441 727 2530 praemissis,
752 2445 786 2506 et
817 2461 856 2504 ea
889 2438 1157 2526 contingentibus
1189 2442 1356 2527 justitiam
1389 2443 1452 2506 sibi

406 2546 552 2612 debitam
583 2544 618 2607 in
649 2541 802 2607 omnibus
824 2539 983 2617 exhiberi,
1013 2561 1032 2606 a
1063 2542 1166 2620 vobis,
1188 2564 1262 2608 cum
1293 2545 1453 2612 instantia

407 2647 529 2724 debita,
560 2643 755 2731 petivisset:
778 2663 840 2708 vos
862 2647 983 2722 tamen,
1005 2643 1042 2707 in
1063 2642 1153 2710 dicto
1185 2647 1452 2730 praesentationis

406 2749 540 2835 negotio
571 2751 684 2812 contra
726 2744 852 2810 dictum
896 2745 1139 2811 incumbentem
1180 2749 1363 2826 concedere,
1395 2771 1451 2814 seu

407 2870 591 2938 processum
613 2847 801 2933 aliqualiter
822 2845 961 2912 ulterius
991 2847 1027 2911 in
1051 2848 1165 2914 eodem
1186 2847 1300 2932 facere,
1323 2849 1453 2916 dictove
1523 2907 1527 2918 .

405 2956 604 3041 praesentato
637 2949 805 3036 justitiam
837 2949 871 3014 in
904 2949 1081 3034 praemissis
1112 2950 1257 3018 debitam
1290 2951 1452 3032 exhibere,

406 3058 443 3122 in
469 3054 556 3140 juris
587 3051 751 3138 injuriam,
782 3051 975 3132 recusastis3
1013 3056 1146 3139 propter
1167 3074 1250 3139 quae,
1273 3059 1307 3120 et
1340 3077 1453 3122 eorum

407 3155 585 3244 quodlibet,
608 3157 806 3220 memoratus
837 3152 1007 3218 Johannes
1036 3152 1079 3218 de
1110 3153 1280 3240 Orosseby,
1309 3157 1454 3222 sentiens

407 3279 441 3324 se
462 3279 521 3344 per
552 3277 612 3321 vos
642 3253 790 3320 indebite
823 3249 1237 3341 praegravari—Quocirca
1265 3259 1453 3324 reverendae

406 3358 600 3449 paternitati
621 3363 751 3439 vestra,
767 3379 841 3423 cum
864 3377 903 3421 ea
924 3357 1110 3423 reverentia
1132 3379 1198 3443 qua
1218 3358 1321 3442 decet,
1343 3365 1453 3426 aucto-

406 3465 508 3529 ritate
538 3460 635 3528 dictae
668 3459 776 3536 curiae,
812 3457 953 3524 firmiter
983 3457 1178 3538 inhibemus,
1217 3465 1260 3539 et,
1297 3482 1355 3548 per
1386 3483 1454 3540 vos,

406 3564 558 3630 omnibus
588 3559 662 3628 aliis
694 3559 813 3645 quibus
840 3559 897 3646 jus
926 3558 1069 3624 inhiberi
1091 3559 1196 3648 exigit
1225 3566 1260 3628 et
1290 3562 1454 3649 permittit

407 3664 549 3728 inhiberi
570 3663 722 3727 volumus
744 3665 779 3725 et
801 3660 1003 3742 mandamus,
1027 3681 1077 3742 ne,
1101 3663 1266 3747 pendente
1297 3663 1333 3728 in
1364 3664 1454 3731 dicta

407 3763 498 3830 curia
519 3761 707 3848 hujusmodi
721 3759 951 3847 appellationis
973 3783 1078 3840 causa,
1094 3763 1269 3849 quicquam
1291 3765 1327 3832 in
1350 3767 1454 3852 partis

406 3863 603 3951 appellantis
617 3862 845 3949 prejudicium
868 3863 1050 3944 attentetis,
1073 3885 1131 3929 seu
1153 3870 1330 3945 attentent,
1352 3868 1453 3934 faciat

406 3967 460 4033 vel
491 3965 614 4031 faciant
649 3985 709 4050 per
739 3963 820 4029 alios
854 3964 1099 4050 quomodolibet
1129 3968 1299 4047 attentari,
1328 3972 1454 4054 quomi-

406 4089 470 4132 nus
492 4065 743 4153 appellationem
772 4086 865 4130 suam
900 4065 1002 4131 libere
1031 4068 1183 4153 prosequi
1212 4068 1331 4148 valeat,
1355 4077 1454 4158 prout

406 4167 562 4234 intendit.
617 4167 766 4234 cientes
807 4187 865 4231 seu
906 4166 1002 4233 citari
1033 4167 1197 4250 iacientes,
1239 4171 1454 4239 nihilominus

406 4269 622 4357 peremptorie
644 4269 768 4336 dictam
798 4273 927 4354 partem
948 4268 1146 4355 appellatam
1178 4268 1213 4334 in
1236 4273 1376 4356 praefata
1405 4296 1454 4340 ec-

408 4373 504 4438 clesia
518 4372 560 4437 de
576 4368 788 4447 Knaresdele,
803 4369 857 4434 vel
879 4369 953 4434 aliis
975 4369 1118 4436 ecclesiis
1140 4371 1301 4456 evicinis,
1317 4374 1346 4438 si
1360 4379 1455 4442 tutus

407 4493 552 4537 accessus
585 4475 698 4557 pateat
727 4470 769 4537 ed
802 4470 940 4549 eaedem,
971 4477 1031 4536 aut
1062 4471 1142 4538 alibi
1170 4473 1257 4539 infra
1288 4475 1453 4542 dioecesim

408 4577 560 4652 vestram,
584 4574 611 4637 si
643 4572 810 4638 commode
832 4573 955 4658 poterit
985 4574 1137 4650 inveniri,
1160 4575 1306 4662 alioquin
1327 4577 1363 4642 in
1384 4599 1451 4643 ma

411 4674 482 4760 jore
504 4673 638 4740 ecclesia
651 4673 876 4754 Dunolmensi,
892 4675 1079 4761 hujusmodi
1102 4677 1268 4744 citationis
1290 4679 1396 4747 edicto
1418 4680 1453 4746 in
