3564 5744
513 803 712 852 nnorsrnou
735 800 939 850 1111111911
960 800 1202 851 nornnunnsn
1297 785 1384 854 1137

160 989 462 1069 1111111191911111111,
485 991 573 1076 quod
596 991 639 1055 ad
661 1000 853 1054 warennam
882 989 1058 1074 pertineat,
1091 989 1161 1054 sine
1192 988 1326 1052 licentia
1349 991 1384 1052 et
1414 999 1536 1046 9111311

329 1091 502 1157 voluntate
525 1092 628 1178 ipsius
658 1091 819 1176 Hugonis,
842 1090 896 1154 vel
918 1089 1089 1155 haeredum
1121 1112 1263 1167 suorum,
1286 1111 1383 1175 super

330 1191 571 1258 forisfacturam
600 1199 749 1256 nostram
781 1191 892 1256 decem
918 1179 1091 1256 librarum.
1150 1191 1258 1271 Quare
1290 1191 1383 1256 volu-

329 1315 403 1358 mus
425 1299 459 1358 et
481 1294 620 1358 firmiter
645 1293 864 1377 praecipimus
886 1313 945 1378 pro
968 1291 1064 1356 nobis
1087 1296 1122 1356 et
1145 1292 1382 1357 successoribus

329 1396 458 1473 nostris,
481 1395 569 1480 quod
599 1393 776 1479 praedictus
807 1393 908 1479 Hugo
939 1399 974 1458 et
1003 1393 1149 1459 haeredes
1176 1394 1228 1457 sui
1250 1394 1287 1457 in
1309 1417 1382 1479 per-

328 1501 465 1580 petuum
488 1495 633 1561 habeant
663 1494 801 1560 liberam
824 1516 1012 1560 warennam
1042 1495 1080 1558 in
1102 1495 1255 1559 omnibus
1279 1495 1383 1561 domi-

327 1596 409 1660 nicis
432 1597 528 1662 terris
560 1597 628 1660 suis
656 1596 833 1681 praedictis,
864 1595 945 1660 dum
968 1601 1081 1660 tamen
1104 1600 1202 1660 terrae
1224 1594 1292 1660 illae
1314 1616 1382 1660 non

328 1697 396 1763 siut
418 1697 504 1762 infra
527 1701 630 1762 metas
646 1698 777 1762 forestae
799 1702 941 1775 nostrae;
963 1697 1012 1761 ita
1035 1695 1124 1780 quod
1145 1695 1255 1759 nullus
1276 1685 1381 1760 intret

328 1803 432 1863 terras
451 1787 528 1864 illas
550 1800 593 1864 ad
616 1798 798 1884 fugandum
825 1797 861 1861 in
882 1798 937 1874 eis,
960 1795 1014 1861 vel
1037 1797 1079 1861 ad
1102 1796 1228 1881 aliquid
1252 1797 1381 1882 capien-

328 1899 414 1977 dum,
451 1900 539 1984 quod
570 1900 613 1964 ad
647 1920 836 1963 warennam
874 1898 1047 1984 pertineat,
1080 1898 1151 1962 sine
1181 1897 1315 1963 licentia
1346 1903 1381 1962 et

326 2002 499 2066 voluntate
522 2001 626 2086 ipsius
657 2000 818 2086 Hugonis,
844 1999 898 2064 vel
927 1999 1095 2064 haeredum
1119 2019 1261 2075 suorum,
1284 2020 1381 2084 super

326 2101 566 2168 forisfacturam
588 2108 734 2166 nostram
753 2102 864 2166 decem
886 2100 1055 2182 librarum,
1077 2100 1163 2166 sicut
1185 2099 1380 2185 praedictum

327 2208 384 2268 est.
411 2204 473 2266 ’111
497 2202 590 2287 cujus
616 2203 663 2267 rei
686 2201 923 2282 testimonium,
947 2201 1092 2287 sigillum
1114 2207 1265 2266 nostrum
1296 2223 1380 2287 prae·

327 2305 475 2370 sentibus
497 2305 653 2368 duximus
676 2305 915 2390 apponendum.
961 2302 1039 2367 Hiis
1061 2303 1214 2381 testibus,
1230 2302 1379 2381 dominis,

327 2406 504 2492 Radulpho
526 2406 594 2470 filio
617 2405 785 2482 willelmi,
801 2405 947 2470 Roberto
962 2405 1003 2468 (19
1026 2403 1154 2482 Hilton,
1171 2404 1194 2468 J
1196 2402 1324 2469 ohanne
1339 2405 1380 2469 de

326 2507 448 2584 Insula,
464 2507 590 2571 Thema
612 2507 653 2572 de
675 2505 909 2582 Whiteworth,
924 2504 1072 2569 Waltero
1094 2504 1135 2568 de
1158 2504 1378 2590 Wessington,

326 2608 497 2689 militibus,
521 2609 646 2674 Thema
668 2607 710 2673 de
732 2607 953 2686 Fissheburn’,
969 2605 1123 2672 Johanne
1146 2606 1187 2670 (19
1211 2605 1378 2693 Ooigners,

326 2711 454 2798 Rogero
490 2711 530 2775 de
563 2709 744 2795 Fuuhorp’,
778 2709 886 2774 Alano
918 2708 958 2773 de
1004 2707 1184 2794 Langeton,
1224 2713 1258 2772 et
1295 2708 1376 2774 aliis.

207 2893 211 2902 ⁴
324 2812 449 2878 Datum
471 2812 560 2898 apud
583 2811 745 2888 Stokton’,
767 2807 865 2895 xiiij⁰.
889 2809 944 2875 die
967 2808 1166 2887 Decembris,
1188 2829 1284 2887 anno,
1307 2813 1366 2875 ete

368 2915 414 2978 Et
435 2914 631 2980 mandatum
657 2912 724 2976 fuit
749 2909 934 2986 vicecomiti
960 2909 1176 2975 Dunolmensi
1199 2910 1286 2996 quod
1309 2910 1378 2998 ipse

322 3017 443 3082 faceret
465 3015 588 3082 dictam
611 3034 801 3104 warennam
823 3012 1026 3098 proclamari,
1050 3016 1109 3078 etc.

324 3253 487 3304 Confirmatio
522 3251 589 3302 vica·
668 3216 844 3282 Universis
893 3223 1015 3284 sanctae
1065 3217 1180 3282 matris
1233 3215 1375 3282 ecolesiae
1386 3221 1552 3329 33¹}ngss

323 3319 509 3369 nemnem.
622 3318 709 3399 filiis,
740 3319 783 3384 9(1
821 3339 959 3403 quorum
998 3319 1154 3404 notitiam
1187 3318 1374 3403 pervenerit
1386 3322 1524 3417 gfflffi'm

323 3418 393 3484 haec
414 3419 584 3504 scriptura,
604 3419 772 3496 Ricardus‚
789 3419 1000 3506 permissione
1023 3419 1147 3496 divina,
1171 3418 1519 3517 DUss01m011·g}{,‘’,23¹,²‘,¹‚,

323 3520 367 3584 sis
392 3520 570 3607 episcopus,
593 3521 733 3586 salutem
756 3520 792 3584 in
822 3520 965 3586 Domino
987 3520 1230 3606 sempiternam.
1288 3517 1372 3583 Cum
1386 3521 1554 3626 diffido

298 3621 417 3687 ¹bonae
447 3623 613 3688 memoriae
639 3623 815 3700 Antonius,
849 3622 1013 3707 quondam
1045 3621 1215 3708 episcopus
1247 3619 1537 3717 Dun01·},¹f¹{1lgf·{²,{⁸⁸⁰

321 3723 450 3801 mensis,
488 3724 704 3810 praedecessor
740 3728 860 3803 noster,
899 3722 1060 3809 religiosis
1091 3722 1172 3786 viris
1206 3721 1308 3807 priori
1339 3725 1374 3788 et

267 3823 270 3828 ’
321 3826 498 3890 conventui
521 3826 711 3890 monasterii
742 3825 849 3892 beatae
879 3824 995 3890 Mariae
1017 3824 1058 3888 (19
1082 3823 1298 3909 Gysaburgh',
1322 3843 1374 3888 or-

321 3926 408 3991 dinis
432 3925 546 3995 Sancti
569 3926 759 4012 Augustini,
783 3924 996 3992 Eboracensis
1022 3925 1181 4004 dioecesis,
1204 3925 1240 3988 in
1263 3924 1372 3988 cultus

320 4028 427 4094 divini
466 4035 501 4094 et
538 4028 775 4114 hospitalitatis
808 4032 1033 4114 augmentum,
1064 4047 1103 4092 99
1140 4030 1275 4112 propter
1305 4024 1371 4090 alia

319 4131 467 4196 caritatis
510 4151 608 4217 opera
639 4151 712 4214 quae
746 4129 783 4193 in
813 4129 902 4196 dieto
936 4127 1134 4194 monasterio
1168 4131 1368 4204 exercentur,

319 4231 476 4297 vicariam
507 4233 543 4296 in
574 4231 707 4296 ecclesia
738 4229 916 4317 parochiali
942 4230 984 4295 de
1014 4228 1119 4305 Hert’,
1141 4232 1263 4293 nostrae
1286 4227 1369 4292 dioe·

318 4333 408 4410 cesis,
430 4354 539 4418 quam,
565 4354 633 4397 una
665 4353 741 4398 cum
774 4330 898 4418 capella
929 4331 970 4395 de
1004 4329 1200 4416 Hertrepol’,
1223 4329 1259 4393 in
1289 4348 1367 4392 usus

317 4434 465 4520 proprios
496 4433 673 4520 possident,
697 4434 759 4498 sub
789 4437 879 4501 certa
907 4431 1012 4498 forma
1034 4431 1245 4511 concesserit3
1269 4451 1368 4517 quam

317 4536 455 4621 quidem·
498 4536 737 4602 concessionem
774 4535 815 4600 de
859 4533 984 4600 vicaria
1025 4533 1191 4620 praedicta,
1229 4531 1368 4617 capituli

317 4638 368 4702 sui
400 4637 636 4703 Dunolmensis
668 4637 841 4706 accedente
871 4656 1036 4715 consensu,
1060 4635 1122 4701 sub
1156 4634 1218 4700 hac
1254 4633 1367 4711 forma,

405 4755 480 4806 VOL.
504 4756 541 4805 ΙΙ.
1173 4751 1234 4800 GG
