3530 5708
543 847 740 900 anursrauu
762 847 965 900 rlnsrmmr
988 851 1229 902 susannense.
1345 833 1410 906 837

186 1041 351 1094 Anapum.
364 1023 494 1107 Foxele,
509 1024 598 1110 apud
615 1023 955 1101 westmonasterium,
970 1046 1001 1092 x.
1025 1023 1078 1090 die
1102 1024 1299 1105 Decembris,
1324 1045 1411 1088 anno
1440 1045 1564 1096 anun.

362 1126 456 1212 regni
485 1127 591 1192 nostri
613 1126 740 1211 quinto.
785 1126 946 1191 Rotulum
969 1127 1113 1212 compoti
1137 1126 1255 1213 prioris
1281 1125 1412 1190 Dunol-

362 1227 491 1306 mensis,
506 1227 632 1293 dudum
648 1227 828 1294 collectoris
843 1227 983 1293 subsidii
997 1226 1147 1314 praedicti
1170 1227 1206 1292 in
1221 1227 1411 1314 episcopatu

288 1387 290 1390 ,
362 1328 590 1396 Dunolmensi.

361 1541 499 1591 marnam
577 1509 675 1575 Istud
696 1509 797 1574 breve
820 1509 914 1576 nobis
937 1509 1018 1576 adeo
1034 1508 1127 1574 tarde
1145 1505 1323 1574 liberatum
1339 1507 1412 1586 luit,
1428 1527 1550 1573 asennaa

362 1610 480 1672 ejusaem.
531 1611 619 1698 quod
641 1611 867 1678 executionem
901 1609 979 1674 inde
1015 1611 1122 1676 facero
1144 1631 1212 1676 non
1234 1607 1403 1696 potuimus
1425 1578 1539 1672 ii¹riri⁸m⁰

362 1715 439 1776 ante
462 1710 549 1778 diem
571 1714 607 1778 in
633 1713 725 1778 brevi
747 1717 946 1778 contentum.

675 1866 867 1944 Edwardus‚
904 1865 969 1931 Dei
1006 1865 1124 1952 gretia,
1165 1865 1237 1930 Rex
1268 1865 1410 1952 Angliae,
1425 1885 1568 1981 maflare

630 1969 781 2034 dominus
820 1967 999 2044 Hiberniae,
1038 1973 1073 2031 et
1109 1967 1179 2032 dux
1209 1967 1411 2052 Aquitaniae,
1424 1937 1561 2033 ibelim

362 2071 543 2137 venerabili
566 2071 602 2135 in
635 2071 769 2138 Christo
791 2070 891 2157 patri,
914 2120 921 2136 .
945 2120 951 2133 .
976 2117 983 2132 .
1007 2069 1118 2134 eadem
1143 2067 1262 2154 gratia,
1285 2069 1412 2134 Dunol·

361 2173 466 2238 mansi
488 2173 647 2260 episcopo,
670 2173 816 2238 salutern.
853 2171 1050 2235 Mandamus
1071 2169 1175 2247 vobis,
1190 2169 1277 2255 quod
1300 2171 1412 2236 venire

361 2274 490 2341 faciatis
528 2297 637 2352 coram
675 2274 856 2340 baronibus
893 2272 934 2338 de
957 2269 1125 2336 scaccario
1163 2274 1284 2351 nostro,
1320 2272 1410 2356 apud

362 2363 701 2455 westmonasterium,
738 2398 759 2440 a
796 2374 850 2439 <lie
889 2373 1004 2440 Sancti
1036 2371 1159 2437 Hilarii
1190 2371 1228 2435 in
1253 2393 1308 2438 xv.
1332 2372 1412 2451 dies,

361 2477 522 2543 Thomam
568 2478 608 2544 de
642 2475 850 2563 Herington',
888 2475 1048 2541 vicarium
1083 2473 1125 2538 de
1157 2473 1409 2559 Hertingburn’,

361 2584 396 2646 et
427 2579 631 2645 Willelmum
665 2579 706 2644 de
743 2579 895 2657 Burdon’,
927 2577 1086 2643 vicariurn
1120 2574 1263 2642 ecclesiae
1294 2575 1410 2641 Sancti

361 2681 516 2748 Nicholai
538 2682 579 2746 de
603 2681 700 2747 Novo
722 2679 847 2758 Castro,
871 2679 1057 2746 collectores
1080 2677 1342 2764 quintaedecimae
1373 2678 1408 2743 in

361 2783 578 2872 parliamento
610 2788 730 2863 nostro,
753 2783 842 2869 apud
876 2781 1126 2867 Norhampton’‚
1150 2802 1171 2846 a
1192 2779 1278 2846 clero
1315 2781 1409 2866 regni

362 2885 466 2951 nostri
488 2885 620 2972 Anglioe
654 2886 748 2951 nobis
781 2904 949 2961 concessae,
970 2883 1006 2946 in
1036 2881 1168 2948 dioeoesi
1190 2886 1309 2960 vestra,
1333 2899 1407 2947 cum

361 2988 487 3070 rotulis,
520 2987 685 3068 brevibus,
719 2986 831 3064 talliis,
853 2991 888 3051 at
919 2984 1071 3051 omnibus
1102 2983 1176 3050 aliis
1222 2988 1410 3069 compotum

362 3113 458 3158 suum
481 3090 707 3178 tangentibus,
729 3089 772 3155 ad
795 3087 999 3154 reddendum
1021 3085 1117 3151 nobis
1148 3090 1335 3172 compotum
1369 3085 1409 3150 de

361 3192 607 3281 quintadecima
628 3191 807 3258 antedicta.
853 3190 899 3256 Et
920 3188 1101 3254 remittatis
1123 3188 1173 3254 ibi
1203 3186 1265 3252 hoc
1301 3188 1407 3252 breve.

360 3297 466 3374 Teste,
490 3295 521 3361 J.
544 3295 586 3360 de
619 3293 749 3371 Foxele,
771 3292 860 3379 apud
882 3289 1223 3368 westmonasterium,
1257 3287 1331 3372 iiij0.
1355 3287 1409 3354 die

361 3395 561 3476 Decembris,
578 3416 664 3461 anno
687 3394 782 3482 regni
804 3393 910 3460 nostri
933 3392 1059 3479 quinto.

636 3572 830 3648 Edwardus,
845 3568 910 3634 Dei
924 3565 1043 3655 gratia,
1059 3586 1118 3629 rex
1140 3562 1282 3649 Angliae,
1306 3563 1409 3628 domi-
1422 3591 1505 3686 5331.
1514 3593 1567 3654 aare

360 3677 434 3744 regis.
591 3701 653 3744 nus
686 3674 865 3750 Hiberniae,
888 3675 923 3736 et
958 3668 1027 3733 dux
1049 3666 1251 3752 Aquitaniae,
1273 3686 1408 3730 venera·
1421 3655 1554 3735 ruolin'ii'

361 3782 421 3847 bili
443 3781 478 3845 in
503 3779 635 3847 Christo
658 3778 756 3866 patri,
779 3826 786 3842 .
810 3826 817 3840 .
840 3826 847 3840 .
871 3772 985 3838 eadem
1007 3769 1124 3857 gratia,
1148 3767 1297 3855 episeopo
1312 3769 1407 3833 Dun-
1421 3741 1576 3836 iiiiiilil⁵

360 3613 442 3662 Breve
453 3607 548 3659 domini

362 3885 505 3962 olmensi,
521 3883 670 3950 salntem.
708 3875 904 3944 Mandonius
915 3873 1019 3950 vobis,
1033 3871 1121 3958 quod
1136 3871 1316 3956 distringas
1330 3870 1409 3936 Ala—
1421 3843 1524 3888 mi

361 4009 442 4052 num
476 3987 516 4053 de
539 3985 683 4064 'Posdala
707 4003 766 4068 per
796 3999 909 4045 omnes
942 3980 1047 4040 terras
1080 3978 1115 4039 et
1145 3972 1263 4038 catalla
1284 3992 1351 4048 sua,
1373 3970 1410 4034 in

362 4089 494 4156 dioecesi
516 4093 635 4165 vestra,
650 4087 699 4150 ita
721 4081 808 4170 quod
823 4099 882 4146 nec
896 4078 974 4164 ipse,
997 4093 1057 4140 nec
1083 4073 1204 4159 aliquis
1219 4094 1277 4158 par
1292 4073 1408 4158 ipsum,

362 4193 404 4258 ad
441 4213 481 4258 ea
511 4211 628 4256 manus
665 4193 841 4273 apponant,
876 4180 978 4246 donec
1015 4173 1106 4242 aliud
1144 4194 1166 4237 a
1203 4173 1297 4239 nobis
1333 4172 1411 4238 inde

361 4293 546 4360 habueritis
579 4292 615 4357 in
642 4287 818 4366 mandatis,
842 4288 877 4349 et
899 4280 986 4366 quod
1009 4278 1049 4343 de
1072 4275 1217 4342 exitibus
1233 4274 1409 4340 earundem

361 4405 523 4463 terrarum
546 4393 643 4459 nobis
674 4385 917 4477 respondeatis;
949 4387 983 4447 et
1005 4378 1092 4466 quod
1116 4377 1266 4442 habeatis
1297 4398 1412 4462 corpus
1500 4390 1502 4398 ·

363 4500 433 4586 ejus
456 4519 563 4564 coram
586 4493 766 4561 baronibus
788 4491 830 4554 de
853 4483 1020 4554 Soaccario
1044 4485 1164 4557 nostro,
1188 4479 1275 4566 apud
1299 4477 1411 4544 West-

363 4599 608 4674 monasterium,
633 4619 654 4661 a
676 4596 728 4658 dia
752 4586 996 4657 Purificationis
1013 4585 1125 4648 Beatre
1150 4581 1262 4647 Mariae
1296 4581 1332 4645 in
1356 4604 1410 4648 xe.

364 4706 443 4784 dies,
466 4723 540 4768 cum
563 4697 690 4776 rotulis,
713 4694 878 4771 brevibus,
903 4687 1012 4769 talliis,
1029 4691 1063 4752 et
1078 4684 1231 4754 omnibus
1246 4684 1328 4768 aliis,
1343 4707 1411 4752 me·
