3562 5714
428 717 495 779 914
611 725 808 778 arorsraun
831 723 1033 774 eaaarruuu
1055 722 1298 773 nuuacuausn.

278 934 400 981 numu.
426 917 497 979 tare
521 912 626 978 debet.
676 911 721 976 Et
750 909 928 976 remittatis
954 907 1011 986 ibi,
1035 927 1094 993 per
1117 905 1262 991 aliquem
1286 904 1328 970 de
1352 903 1649 982 restriamapaaa

428 1019 509 1081 tunc
530 1013 593 1081 hoc
625 1013 733 1080 breve.
790 1013 835 1077 Et
857 1011 968 1078 sciatis
1002 1010 1090 1095 quod
1112 1009 1257 1074 multum
1281 1007 1482 1074 admiramur

429 1116 470 1182 de
492 1115 562 1193 boc,
579 1115 667 1200 quod
689 1115 788 1180 breve
810 1118 969 1190 nostrum,
991 1111 1073 1177 alias
1094 1111 1173 1176 inde
1193 1109 1289 1176 vobis
1311 1109 1482 1186 directum

429 1239 496 1283 non
518 1217 716 1296 retornestis,
732 1238 753 1281 a
767 1217 822 1282 die
847 1215 961 1282 Sancti
980 1211 1116 1278 Hillarii
1139 1213 1291 1298 proximo
1314 1211 1482 1298 praeterito

432 1319 470 1382 in
492 1341 546 1385 xv.
570 1319 648 1396 dies,
671 1319 756 1384 sieut
778 1317 873 1382 vobis
895 1315 1088 1382 mandatum
1110 1314 1184 1382 fuit.
1229 1311 1334 1392 Teste,
1367 1310 1417 1377 W.
1442 1311 1481 1377 de

432 1419 594 1498 Norwico,
631 1417 1078 1506 apudvWestmonasterium
1117 1417 1179 1502 iijo.
1212 1415 1265 1481 die
1302 1413 1482 1491 Februarii,

432 1542 520 1588 anuo
543 1522 635 1608 regni
658 1522 762 1587 nostri
784 1527 885 1588 sexto.

262 1731 387 1827 llll?
431 1789 571 1840 Returnum
659 1723 899 1790 Distrinximus
937 1722 1102 1808 Rogerum
1133 1720 1164 1785 le
1191 1719 1300 1798 Olere’,
1333 1719 1481 1805 praeben·

262 1833 330 1886 aena
338 1834 398 1880 vrit·
573 1825 579 1838 ’
614 1826 744 1890 darium
767 1826 808 1890 de
831 1822 1025 1910 Langoestr’,
1048 1844 1106 1909 per
1122 1821 1280 1888 beneficia
1301 1842 1362 1887 sua
1383 1821 1483 1887 eccle-

431 1931 570 2007 siastiea,
594 1949 668 2014 quae
692 1927 793 1992 habet
817 1927 853 1990 in
882 1931 995 1990 nostra
1017 1923 1158 2001 dioecesi,
1182 1923 1271 2008 quod
1301 1923 1345 1987 sit
1375 1944 1482 1989 coram

431 2033 533 2115 vobis,
557 2030 599 2096 ad
623 2030 710 2095 diem
733 2028 895 2094 stlocum
917 2029 954 2091 in
976 2027 1069 2092 brevi
1096 2031 1275 2106 contentos,
1298 2024 1340 2092 ad
1361 2025 1482 2092 facien·

430 2135 511 2200 dum
534 2155 607 2221 quae
630 2134 666 2198 in
688 2133 759 2219 ipso
781 2131 874 2231 breui
899 2130 1028 2216 plenius
1052 2129 1270 2211 continentur.

263 2355 422 2418 nxocuuonpr
620 2339 726 2402 Breve
749 2357 836 2413 vero,
859 2334 940 2400 alias
962 2333 1056 2399 nobis
1081 2333 1159 2399 inde
1179 2333 1349 2414 directum,
1365 2332 1482 2400 libera-

265 2405 525 2508 1(1111011111Μ1η
576 2445 648 2506 tum
671 2439 738 2504 fuit
759 2437 862 2514 nobie,
882 2437 971 2523 apud
995 2437 1127 2522 Crayk‘,
1145 2437 1246 2521 juxta
1273 2435 1480 2523 Esingwold',

264 2507 399 2602 i’lffiiiii’
432 2539 470 2602 in
492 2537 660 2624 quindena
690 2536 805 2602 Sancti
836 2534 972 2600 Hillarii
1003 2534 1152 2620 proximo
1174 2535 1363 2621 praeterita-3
1389 2534 1481 2618 eujus

264 2606 382 2702 ‘llll‘l'l
433 2640 584 2706 executio
605 2639 678 2704 fieri
703 2661 771 2704 non
797 2637 907 2725 potuit
930 2635 1017 2701 infra
1040 2635 1127 2701 diem
1157 2635 1194 2700 in
1227 2636 1321 2701 brevi
1348 2640 1481 2702 eonten-

435 2745 516 2820 tum,
540 2741 646 2806 etita
678 2740 761 2805 illud
791 2740 890 2804 breve
913 2738 1007 2804 vobis
1039 2742 1120 2803 tunc
1149 2739 1393 2806 returnavimus
1424 2759 1482 2824 per

434 2843 601 2922 nuncium,
623 2843 681 2928 qui
703 2843 798 2909 nobis
821 2841 905 2906 illud
927 2841 1028 2908 breve
1051 2840 1214 2906 liberavit.

266 3054 315 3099 aaa
323 3054 424 3150 ung*
434 3042 517 3094 Breve
528 3042 624 3094 domim·
635 3041 701 3120 regis
780 3041 974 3120 Edwardus,
1006 3040 1069 3108 Dei
1101 3041 1220 3128 gratia,
1250 3064 1310 3108 rex
1341 3042 1481 3130 Argiue,

360 3109 366 3127 ⁸
436 3112 504 3174 quod
519 3110 607 3160 venire
626 3110 701 3160 faciat

266 3107 415 3249 ffimgn
436 3177 522 3226 Adam
539 3177 621 3225 fflium
635 3175 699 3226 wil.
735 3145 889 3210 dominus
920 3142 1104 3222 Hiberniae,
1128 3148 1163 3210 et
1189 3144 1259 3210 dux
1281 3143 1480 3230 Aquitaniae,
1500 3223 1504 3232 Ι

267 3239 402 3299 orwilliam
436 3242 698 3308 lelmiaoMnewyk’.
731 3245 913 3312 venerabili
950 3246 986 3310 in
1025 3245 1156 3312 Christo
1195 3246 1291 3332 patri,
1330 3247 1481 3326 Ricardo,

267 3306 423 3360 dmum
437 3350 550 3416 eadem
571 3349 687 3436 gratia,
711 3349 861 3438 episcopo
884 3347 1110 3428 Dunelmensi,
1135 3348 1283 3415 salutem.
1344 3349 1482 3415 Manda-

436 3474 510 3518 mus
532 3452 633 3530 vobis,
659 3452 745 3517 sicut
771 3451 895 3537 pluries
917 3449 1013 3515 vobis
1042 3450 1282 3527 mandavimus
1306 3451 1394 3537 quod
1417 3451 1482 3515 dia-

435 3554 594 3639 tringatis
617 3554 724 3620 Adam
747 3555 852 3618 filium
875 3551 1033 3618 Willelmi
1056 3552 1097 3616 de
1119 3552 1304 3638 Alnewyk',
1328 3553 1482 3620 clericum

400 3647 403 3650 ’
436 3660 594 3733 vestrum,
616 3676 674 3740 per
696 3655 854 3720 beneficia
884 3675 945 3719 sua
967 3653 1191 3736 ecclesiastica,
1215 3676 1289 3739 quae
1315 3654 1418 3719 habet
1446 3656 1483 3720 in

437 3757 570 3822 dioecesi
612 3763 742 3835 vestra;
789 3757 839 3823 ita
870 3756 959 3843 quod
997 3755 1043 3821 sit
1074 3776 1182 3822 coram
1214 3755 1399 3822 Batonibus
1442 3758 1482 3823 de

438 3859 606 3925 Scaeuario
636 3863 757 3938 nostro,
785 3860 875 3944 apud
904 3857 1242 3937 Westmonasterium,
1272 3859 1308 3922 in
1340 3860 1481 3924 crastino

436 3961 549 4027 Clausi
564 3959 706 4039 Paschae,
721 3961 764 4027 ad
779 3961 1041 4048 respondendum
1065 3961 1184 4026 dilecto
1208 3964 1242 4025 et
1257 3961 1347 4026 fideli
1362 3966 1482 4039 nostro,

436 4063 460 4127 J
461 4062 583 4126 ohanni
617 4063 658 4127 (10
691 4061 905 4150 Munkrygg',
932 4085 1039 4151 nuper
1061 4063 1263 4129 Cancellario
1295 4063 1336 4128 de
1368 4064 1482 4129 eodem

435 4165 602 4231 Sceecario
625 4168 746 4242 nostro,
761 4163 909 4232 lohanni
931 4165 1119 4252 Frauueeys
1141 4170 1176 4230 et
1198 4164 1292 4230 sociis
1315 4165 1391 4244 suis,
1408 4187 1484 4232 exe·

437 4268 605 4342 autoribus
638 4268 830 4332 testamenti
853 4268 1009 4334 Willelmi
1040 4269 1081 4333 de
1104 4266 1302 4346 Hamelton',
1326 4268 1481 4348 defuncti,

435 4392 503 4436 una
534 4393 607 4437 cum
632 4369 798 4437 Willelmo
822 4370 942 4436 Sme1t’
964 4371 1005 4437 de
1033 4371 1231 4452 Staunford',
1256 4369 1313 4455 qui
1341 4371 1482 4436 eundem

434 4474 521 4536 diem
553 4473 663 4550 habet,
686 4474 727 4538 de
750 4473 819 4556 viij.
831 4471 877 4551 11,
901 4495 982 4560 quas
1014 4475 1111 4540 debet
1142 4476 1230 4541 dicto
1258 4474 1421 4553 defuncto,
1443 4481 1483 4540 ut

432 4573 533 4638 iidem
557 4581 746 4642 executores
770 4576 897 4655 dicunt,
920 4578 1006 4643 sicut
1035 4578 1277 4645 rationabiliter
1300 4585 1482 4647 monstrare
