<?xml version="1.0" encoding="UTF-8"?>
<!DOCTYPE html PUBLIC "-//W3C//DTD XHTML 1.0 Transitional//EN"
    "http://www.w3.org/TR/xhtml1/DTD/xhtml1-transitional.dtd">
<html xmlns="http://www.w3.org/1999/xhtml" xml:lang="en" lang="en">
 <head>
  <title>
</title>
<meta http-equiv="Content-Type" content="text/html;charset=utf-8" />
  <meta name='ocr-system' content='tesseract 3.04.00' />
  <meta name='ocr-capabilities' content='ocr_page ocr_carea ocr_par ocr_line ocrx_word'/>
</head>
<body>
  <div class='ocr_page' id='page_1' title='image "./registrumpalati00kellgoog_0152.png"; bbox 0 0 3530 5708; ppageno 0'>
   <div class='ocr_carea' id='block_1_1' title="bbox 406 793 1273 864">
    <p class='ocr_par' dir='ltr' id='par_1_1' title="bbox 406 793 1273 864">
     <span class='ocr_line' id='line_1_1' title="bbox 406 793 1273 864; baseline -0.007 0"><span class='ocrx_word' id='word_1_1' title='bbox 406 793 472 864; x_wconf 85' lang='grc'><strong>768</strong></span> <span class='ocrx_word' id='word_1_2' title='bbox 588 807 788 858; x_wconf 80' lang='lat' dir='ltr'><strong>aecrsracu</strong></span> <span class='ocrx_word' id='word_1_3' title='bbox 811 803 1011 858; x_wconf 73' lang='lat' dir='ltr'><strong>almurus</strong></span> <span class='ocrx_word' id='word_1_4' title='bbox 1033 805 1273 859; x_wconf 76' lang='lat' dir='ltr'><strong>nuumnmrsn.</strong></span> 
     </span>
    </p>
   </div>
   <div class='ocr_carea' id='block_1_2' title="bbox 253 983 1748 1694">
    <p class='ocr_par' dir='ltr' id='par_1_2' title="bbox 253 983 1748 1494">
     <span class='ocr_line' id='line_1_2' title="bbox 253 983 1748 1084; baseline -0.007 -21"><span class='ocrx_word' id='word_1_5' title='bbox 253 999 376 1044; x_wconf 68' lang='lat' dir='ltr'><strong>A·¹³·1³¹⁵·</strong></span> <span class='ocrx_word' id='word_1_6' title='bbox 406 984 564 1076; x_wconf 84' lang='lat' dir='ltr'><strong>dioecesis,</strong></span> <span class='ocrx_word' id='word_1_7' title='bbox 580 1018 680 1084; x_wconf 88' lang='lat' dir='ltr'><strong>quam</strong></span> <span class='ocrx_word' id='word_1_8' title='bbox 695 996 859 1063; x_wconf 86' lang='lat' dir='ltr'><strong>duxeritis</strong></span> <span class='ocrx_word' id='word_1_9' title='bbox 874 995 1101 1074; x_wconf 78' lang='lat' dir='ltr'><strong>ordinandam,</strong></span> <span class='ocrx_word' id='word_1_10' title='bbox 1115 1015 1183 1060; x_wconf 89' lang='lat' dir='ltr'><strong>non</strong></span> <span class='ocrx_word' id='word_1_11' title='bbox 1197 995 1350 1060; x_wconf 80' lang='lat' dir='ltr'><strong>obstante</strong></span> <span class='ocrx_word' id='word_1_12' title='bbox 1365 992 1455 1081; x_wconf 89' lang='lat' dir='ltr'><strong>quod</strong></span> <span class='ocrx_word' id='word_1_13' title='bbox 1469 1007 1627 1062; x_wconf 66' lang='lat' dir='ltr'><strong>muchan</strong></span> <span class='ocrx_word' id='word_1_14' title='bbox 1747 983 1748 1052; x_wconf 70' lang='lat' dir='ltr'>J</span> 
     </span>
     <span class='ocr_line' id='line_1_3' title="bbox 406 1095 1748 1176; baseline -0.004 -11"><span class='ocrx_word' id='word_1_15' title='bbox 406 1099 554 1166; x_wconf 88' lang='lat' dir='ltr'><strong>dedicta</strong></span> <span class='ocrx_word' id='word_1_16' title='bbox 575 1099 773 1165; x_wconf 86' lang='lat' dir='ltr'><strong>Eboracenei</strong></span> <span class='ocrx_word' id='word_1_17' title='bbox 796 1098 929 1164; x_wconf 86' lang='lat' dir='ltr'><strong>dioeceei</strong></span> <span class='ocrx_word' id='word_1_18' title='bbox 951 1098 1077 1176; x_wconf 85' lang='lat' dir='ltr'><strong>existit,</strong></span> <span class='ocrx_word' id='word_1_19' title='bbox 1093 1097 1187 1163; x_wconf 85' lang='lat' dir='ltr'><strong>vobis</strong></span> <span class='ocrx_word' id='word_1_20' title='bbox 1208 1095 1405 1176; x_wconf 84' lang='lat' dir='ltr'><strong>conferendi,</strong></span> <span class='ocrx_word' id='word_1_21' title='bbox 1421 1101 1457 1160; x_wconf 89' lang='lat' dir='ltr'><strong>et</strong></span> <span class='ocrx_word' id='word_1_22' title='bbox 1747 1127 1748 1134; x_wconf 17' lang='grc' dir='ltr'><strong>κ</strong></span> 
     </span>
     <span class='ocr_line' id='line_1_4' title="bbox 407 1199 1460 1290; baseline -0.006 -22"><span class='ocrx_word' id='word_1_23' title='bbox 407 1203 437 1268; x_wconf 86' lang='lat' dir='ltr'><strong>ei</strong></span> <span class='ocrx_word' id='word_1_24' title='bbox 460 1203 647 1290; x_wconf 91' lang='lat' dir='ltr'><strong>recipiendi,</strong></span> <span class='ocrx_word' id='word_1_25' title='bbox 662 1201 853 1287; x_wconf 89' lang='lat' dir='ltr'><strong>hujusmodi</strong></span> <span class='ocrx_word' id='word_1_26' title='bbox 868 1199 1015 1266; x_wconf 85' lang='lat' dir='ltr'><strong>ordinem</strong></span> <span class='ocrx_word' id='word_1_27' title='bbox 1030 1199 1225 1286; x_wconf 82' lang='lat' dir='ltr'><strong>acolytatus,</strong></span> <span class='ocrx_word' id='word_1_28' title='bbox 1243 1199 1323 1264; x_wconf 86' lang='lat' dir='ltr'><strong>dum</strong></span> <span class='ocrx_word' id='word_1_29' title='bbox 1346 1203 1460 1265; x_wconf 87' lang='lat' dir='ltr'><strong>tamen</strong></span> 
     </span>
     <span class='ocr_line' id='line_1_5' title="bbox 406 1302 1458 1388; baseline -0.002 -19"><span class='ocrx_word' id='word_1_30' title='bbox 406 1305 498 1370; x_wconf 88' lang='lat' dir='ltr'><strong>aliud</strong></span> <span class='ocrx_word' id='word_1_31' title='bbox 535 1305 728 1370; x_wconf 85' lang='lat' dir='ltr'><strong>canonicum</strong></span> <span class='ocrx_word' id='word_1_32' title='bbox 764 1323 833 1367; x_wconf 92' lang='lat' dir='ltr'><strong>non</strong></span> <span class='ocrx_word' id='word_1_33' title='bbox 866 1302 1016 1384; x_wconf 86' lang='lat' dir='ltr'><strong>obsistat,</strong></span> <span class='ocrx_word' id='word_1_34' title='bbox 1050 1302 1196 1381; x_wconf 86' lang='lat' dir='ltr'><strong>liberam,</strong></span> <span class='ocrx_word' id='word_1_35' title='bbox 1229 1307 1343 1367; x_wconf 89' lang='lat' dir='ltr'><strong>tenore</strong></span> <span class='ocrx_word' id='word_1_36' title='bbox 1375 1323 1458 1388; x_wconf 79' lang='lat' dir='ltr'><strong>prae-</strong></span> 
     </span>
     <span class='ocr_line' id='line_1_6' title="bbox 406 1401 1462 1494; baseline -0.004 -23"><span class='ocrx_word' id='word_1_37' title='bbox 406 1407 560 1486; x_wconf 89' lang='lat' dir='ltr'><strong>sentium,</strong></span> <span class='ocrx_word' id='word_1_38' title='bbox 584 1405 792 1471; x_wconf 80' lang='lat' dir='ltr'><strong>concedimus</strong></span> <span class='ocrx_word' id='word_1_39' title='bbox 813 1401 1015 1480; x_wconf 75' lang='lat' dir='ltr'><strong>facultatem,</strong></span> <span class='ocrx_word' id='word_1_40' title='bbox 1029 1408 1065 1468; x_wconf 89' lang='lat' dir='ltr'><strong>et</strong></span> <span class='ocrx_word' id='word_1_41' title='bbox 1085 1403 1253 1469; x_wconf 72' lang='lat' dir='ltr'><strong>licentiam</strong></span> <span class='ocrx_word' id='word_1_42' title='bbox 1277 1404 1462 1494; x_wconf 81' lang='lat' dir='ltr'><strong>specialem,</strong></span> 
     </span>
    </p>

    <p class='ocr_par' dir='ltr' id='par_1_3' title="bbox 405 1504 1459 1694">
     <span class='ocr_line' id='line_1_7' title="bbox 405 1504 1459 1585; baseline -0.002 -11"><span class='ocrx_word' id='word_1_43' title='bbox 405 1508 532 1574; x_wconf 88' lang='lat' dir='ltr'><strong>Datum</strong></span> <span class='ocrx_word' id='word_1_44' title='bbox 555 1507 704 1582; x_wconf 85' lang='lat' dir='ltr'><strong>Eboraci,</strong></span> <span class='ocrx_word' id='word_1_45' title='bbox 720 1513 787 1571; x_wconf 86' lang='lat' dir='ltr'>xv⁰.</span> <span class='ocrx_word' id='word_1_46' title='bbox 812 1505 876 1572; x_wconf 85' lang='lat' dir='ltr'><strong>kal</strong></span> <span class='ocrx_word' id='word_1_47' title='bbox 901 1504 1066 1585; x_wconf 68' lang='lat' dir='ltr'><strong>ianuarii,</strong></span> <span class='ocrx_word' id='word_1_48' title='bbox 1083 1527 1171 1572; x_wconf 88' lang='lat' dir='ltr'><strong>anno</strong></span> <span class='ocrx_word' id='word_1_49' title='bbox 1194 1505 1330 1571; x_wconf 86' lang='lat' dir='ltr'><strong>Domini</strong></span> <span class='ocrx_word' id='word_1_50' title='bbox 1352 1505 1459 1572; x_wconf 88' lang='lat' dir='ltr'><strong>mille-</strong></span> 
     </span>
     <span class='ocr_line' id='line_1_8' title="bbox 405 1607 1020 1694; baseline -0.003 -20"><span class='ocrx_word' id='word_1_51' title='bbox 405 1609 489 1674; x_wconf 89' lang='lat' dir='ltr'><strong>simo</strong></span> <span class='ocrx_word' id='word_1_52' title='bbox 514 1609 742 1676; x_wconf 84' lang='lat' dir='ltr'><strong>trecentesimo</strong></span> <span class='ocrx_word' id='word_1_53' title='bbox 765 1607 1020 1694; x_wconf 80' lang='lat' dir='ltr'><strong>quintodecimo.</strong></span> 
     </span>
    </p>
   </div>
   <div class='ocr_carea' id='block_1_3' title="bbox 265 1808 1581 2811">
    <p class='ocr_par' dir='ltr' id='par_1_4' title="bbox 265 1808 1581 2811">
     <span class='ocr_line' id='line_1_9' title="bbox 405 1808 1458 1914; baseline -0.004 -39"><span class='ocrx_word' id='word_1_54' title='bbox 405 1859 556 1914; x_wconf 68' lang='lat' dir='ltr'><strong>Cominio</strong></span> <span class='ocrx_word' id='word_1_55' title='bbox 571 1863 604 1911; x_wconf 75' lang='lat' dir='ltr'><strong>ad</strong></span> <span class='ocrx_word' id='word_1_56' title='bbox 697 1809 888 1876; x_wconf 85' lang='lat' dir='ltr'><strong>Venerabili</strong></span> <span class='ocrx_word' id='word_1_57' title='bbox 928 1811 965 1874; x_wconf 91' lang='lat' dir='ltr'><strong>in</strong></span> <span class='ocrx_word' id='word_1_58' title='bbox 1006 1809 1138 1876; x_wconf 82' lang='lat' dir='ltr'><strong>Christo</strong></span> <span class='ocrx_word' id='word_1_59' title='bbox 1179 1808 1281 1896; x_wconf 85' lang='lat' dir='ltr'><strong>patri,</strong></span> <span class='ocrx_word' id='word_1_60' title='bbox 1324 1809 1458 1874; x_wconf 92' lang='lat' dir='ltr'><strong>domino</strong></span> 
     </span>
     <span class='ocr_line' id='line_1_10' title="bbox 405 1911 1461 1999; baseline -0.002 -22"><span class='ocrx_word' id='word_1_61' title='bbox 405 1928 579 1978; x_wconf 73' lang='lat' dir='ltr'><strong>celebrandum</strong></span> <span class='ocrx_word' id='word_1_62' title='bbox 637 1911 789 1992; x_wconf 84' lang='lat' dir='ltr'><strong>Ricardo,</strong></span> <span class='ocrx_word' id='word_1_63' title='bbox 813 1911 880 1977; x_wconf 91' lang='lat' dir='ltr'><strong>Dei</strong></span> <span class='ocrx_word' id='word_1_64' title='bbox 912 1912 1031 1999; x_wconf 84' lang='lat' dir='ltr'><strong>gratia,</strong></span> <span class='ocrx_word' id='word_1_65' title='bbox 1061 1911 1281 1978; x_wconf 88' lang='lat' dir='ltr'><strong>Dunolmensi</strong></span> <span class='ocrx_word' id='word_1_66' title='bbox 1302 1911 1461 1997; x_wconf 85' lang='lat' dir='ltr'><strong>episcopo,</strong></span> 
     </span>
     <span class='ocr_line' id='line_1_11' title="bbox 265 1993 1581 2098; baseline -0.003 -19"><span class='ocrx_word' id='word_1_67' title='bbox 265 2061 280 2093; x_wconf 74' lang='lat'><strong>0</strong></span> <span class='ocrx_word' id='word_1_68' title='bbox 308 2079 314 2093; x_wconf 72' lang='grc'><strong>,</strong></span> <span class='ocrx_word' id='word_1_69' title='bbox 405 1993 513 2044; x_wconf 52' lang='lat'><strong>⁰⁸³³*</strong></span> <span class='ocrx_word' id='word_1_70' title='bbox 636 2014 688 2078; x_wconf 89' lang='lat' dir='ltr'><strong>sui</strong></span> <span class='ocrx_word' id='word_1_71' title='bbox 711 2012 853 2078; x_wconf 84' lang='lat' dir='ltr'><strong>humiles</strong></span> <span class='ocrx_word' id='word_1_72' title='bbox 876 2019 911 2079; x_wconf 90' lang='lat' dir='ltr'><strong>et</strong></span> <span class='ocrx_word' id='word_1_73' title='bbox 932 2013 1056 2092; x_wconf 88' lang='lat' dir='ltr'><strong>devoti,</strong></span> <span class='ocrx_word' id='word_1_74' title='bbox 1074 2013 1241 2080; x_wconf 88' lang='lat' dir='ltr'><strong>Robertus</strong></span> <span class='ocrx_word' id='word_1_75' title='bbox 1262 2016 1404 2080; x_wconf 87' lang='lat' dir='ltr'><strong>decanus</strong></span> <span class='ocrx_word' id='word_1_76' title='bbox 1426 2017 1461 2076; x_wconf 90' lang='lat' dir='ltr'><strong>et</strong></span> <span class='ocrx_word' id='word_1_77' title='bbox 1574 2085 1581 2098; x_wconf 32' lang='grc' dir='ltr'>ι</span> 
     </span>
     <span class='ocr_line' id='line_1_12' title="bbox 405 2114 1461 2202; baseline -0.005 -20"><span class='ocrx_word' id='word_1_78' title='bbox 405 2115 586 2202; x_wconf 90' lang='lat' dir='ltr'><strong>capitulum</strong></span> <span class='ocrx_word' id='word_1_79' title='bbox 618 2115 759 2182; x_wconf 83' lang='lat' dir='ltr'><strong>eeclesiae</strong></span> <span class='ocrx_word' id='word_1_80' title='bbox 790 2115 886 2180; x_wconf 86' lang='lat' dir='ltr'><strong>Beati</strong></span> <span class='ocrx_word' id='word_1_81' title='bbox 917 2114 1009 2181; x_wconf 83' lang='lat' dir='ltr'><strong>Petri</strong></span> <span class='ocrx_word' id='word_1_82' title='bbox 1038 2115 1252 2182; x_wconf 85' lang='lat' dir='ltr'><strong>Eboracensis</strong></span> <span class='ocrx_word' id='word_1_83' title='bbox 1277 2115 1353 2180; x_wconf 87' lang='lat' dir='ltr'><strong>sede</strong></span> <span class='ocrx_word' id='word_1_84' title='bbox 1375 2114 1461 2200; x_wconf 89' lang='lat' dir='ltr'><strong>ejus-</strong></span> 
     </span>
     <span class='ocr_line' id='line_1_13' title="bbox 297 2217 1460 2296; baseline -0.004 -12"><span class='ocrx_word' id='word_1_85' title='bbox 297 2261 300 2267; x_wconf 90' lang='lat'>·</span> <span class='ocrx_word' id='word_1_86' title='bbox 405 2219 480 2284; x_wconf 89' lang='lat' dir='ltr'><strong>dem</strong></span> <span class='ocrx_word' id='word_1_87' title='bbox 511 2223 659 2296; x_wconf 85' lang='lat' dir='ltr'><strong>vacante,</strong></span> <span class='ocrx_word' id='word_1_88' title='bbox 693 2217 843 2295; x_wconf 83' lang='lat' dir='ltr'><strong>salutem,</strong></span> <span class='ocrx_word' id='word_1_89' title='bbox 865 2238 940 2282; x_wconf 91' lang='lat' dir='ltr'><strong>cum</strong></span> <span class='ocrx_word' id='word_1_90' title='bbox 973 2217 1171 2282; x_wconf 85' lang='lat' dir='ltr'><strong>omnimodis</strong></span> <span class='ocrx_word' id='word_1_91' title='bbox 1204 2218 1391 2282; x_wconf 88' lang='lat' dir='ltr'><strong>reverentia</strong></span> <span class='ocrx_word' id='word_1_92' title='bbox 1425 2219 1460 2279; x_wconf 90' lang='lat' dir='ltr'><strong>et</strong></span> 
     </span>
     <span class='ocr_line' id='line_1_14' title="bbox 405 2308 1460 2404; baseline -0.003 -20"><span class='ocrx_word' id='word_1_93' title='bbox 405 2308 536 2400; x_wconf 86' lang='lat' dir='ltr'><strong>honore,</strong></span> <span class='ocrx_word' id='word_1_94' title='bbox 561 2319 682 2385; x_wconf 88' lang='lat' dir='ltr'><strong>debitis</strong></span> <span class='ocrx_word' id='word_1_95' title='bbox 704 2322 800 2384; x_wconf 85' lang='lat' dir='ltr'><strong>tanto</strong></span> <span class='ocrx_word' id='word_1_96' title='bbox 816 2318 910 2404; x_wconf 84' lang='lat' dir='ltr'><strong>patri.</strong></span> <span class='ocrx_word' id='word_1_97' title='bbox 957 2318 1011 2382; x_wconf 84' lang='lat' dir='ltr'><strong>Ad</strong></span> <span class='ocrx_word' id='word_1_98' title='bbox 1034 2319 1255 2384; x_wconf 90' lang='lat' dir='ltr'><strong>ordinandum</strong></span> <span class='ocrx_word' id='word_1_99' title='bbox 1278 2318 1460 2382; x_wconf 85' lang='lat' dir='ltr'><strong>Robertum</strong></span> 
     </span>
     <span class='ocr_line' id='line_1_15' title="bbox 404 2419 1458 2508; baseline -0.005 -22"><span class='ocrx_word' id='word_1_100' title='bbox 404 2421 446 2486; x_wconf 89' lang='lat' dir='ltr'><strong>de</strong></span> <span class='ocrx_word' id='word_1_101' title='bbox 469 2419 710 2508; x_wconf 88' lang='lat' dir='ltr'><strong>Helperthorp’,</strong></span> <span class='ocrx_word' id='word_1_102' title='bbox 725 2420 887 2498; x_wconf 88' lang='lat' dir='ltr'><strong>clericum,</strong></span> <span class='ocrx_word' id='word_1_103' title='bbox 904 2420 1118 2486; x_wconf 87' lang='lat' dir='ltr'><strong>Eboracensis</strong></span> <span class='ocrx_word' id='word_1_104' title='bbox 1140 2419 1297 2498; x_wconf 68' lang='lat' dir='ltr'><strong>dioecesis,</strong></span> <span class='ocrx_word' id='word_1_105' title='bbox 1320 2419 1458 2504; x_wconf 87' lang='lat' dir='ltr'><strong>primam</strong></span> 
     </span>
     <span class='ocr_line' id='line_1_16' title="bbox 403 2521 1461 2607; baseline -0.003 -20"><span class='ocrx_word' id='word_1_106' title='bbox 403 2529 572 2587; x_wconf 83' lang='lat' dir='ltr'><strong>tonsuram</strong></span> <span class='ocrx_word' id='word_1_107' title='bbox 596 2521 782 2602; x_wconf 83' lang='lat' dir='ltr'><strong>habentem,</strong></span> <span class='ocrx_word' id='word_1_108' title='bbox 798 2521 842 2588; x_wconf 91' lang='lat' dir='ltr'><strong>ad</strong></span> <span class='ocrx_word' id='word_1_109' title='bbox 864 2522 1011 2587; x_wconf 86' lang='lat' dir='ltr'><strong>ordinem</strong></span> <span class='ocrx_word' id='word_1_110' title='bbox 1027 2521 1223 2607; x_wconf 85' lang='lat' dir='ltr'><strong>acolytatus,</strong></span> <span class='ocrx_word' id='word_1_111' title='bbox 1241 2521 1302 2586; x_wconf 88' lang='lat' dir='ltr'><strong>hac</strong></span> <span class='ocrx_word' id='word_1_112' title='bbox 1318 2521 1461 2586; x_wconf 89' lang='lat' dir='ltr'><strong>instanti</strong></span> 
     </span>
     <span class='ocr_line' id='line_1_17' title="bbox 403 2622 1460 2710; baseline 0 -22"><span class='ocrx_word' id='word_1_113' title='bbox 403 2623 458 2688; x_wconf 94' lang='lat' dir='ltr'><strong>die</strong></span> <span class='ocrx_word' id='word_1_114' title='bbox 474 2623 612 2688; x_wconf 85' lang='lat' dir='ltr'><strong>Sabbati</strong></span> <span class='ocrx_word' id='word_1_115' title='bbox 630 2629 647 2659; x_wconf 89' lang='lat'>“</span> <span class='ocrx_word' id='word_1_116' title='bbox 660 2623 809 2704; x_wconf 81' lang='lat' dir='ltr'><strong>Quatuor</strong></span> <span class='ocrx_word' id='word_1_117' title='bbox 828 2622 1047 2710; x_wconf 88' lang='lat' dir='ltr'><strong>Temporum”</strong></span> <span class='ocrx_word' id='word_1_118' title='bbox 1067 2624 1219 2708; x_wconf 83' lang='lat' dir='ltr'><strong>proxima</strong></span> <span class='ocrx_word' id='word_1_119' title='bbox 1241 2629 1317 2710; x_wconf 85' lang='lat' dir='ltr'><strong>poet</strong></span> <span class='ocrx_word' id='word_1_120' title='bbox 1338 2625 1460 2690; x_wconf 86' lang='lat' dir='ltr'><strong>festum</strong></span> 
     </span>
     <span class='ocr_line' id='line_1_18' title="bbox 405 2724 1459 2811; baseline 0.001 -22"><span class='ocrx_word' id='word_1_121' title='bbox 405 2724 537 2790; x_wconf 79' lang='lat' dir='ltr'><strong>Sanctae</strong></span> <span class='ocrx_word' id='word_1_122' title='bbox 578 2724 689 2790; x_wconf 81' lang='lat' dir='ltr'><strong>Luciae</strong></span> <span class='ocrx_word' id='word_1_123' title='bbox 726 2725 882 2811; x_wconf 85' lang='lat' dir='ltr'><strong>Virginis,</strong></span> <span class='ocrx_word' id='word_1_124' title='bbox 923 2725 959 2790; x_wconf 87' lang='lat' dir='ltr'><strong>in</strong></span> <span class='ocrx_word' id='word_1_125' title='bbox 997 2745 1194 2811; x_wconf 88' lang='lat' dir='ltr'><strong>quacunque</strong></span> <span class='ocrx_word' id='word_1_126' title='bbox 1235 2725 1369 2791; x_wconf 90' lang='lat' dir='ltr'><strong>ccclesia</strong></span> <span class='ocrx_word' id='word_1_127' title='bbox 1405 2727 1459 2790; x_wconf 90' lang='lat' dir='ltr'><strong>vel</strong></span> 
     </span>
    </p>
   </div>
   <div class='ocr_carea' id='block_1_4' title="bbox 404 2825 1460 3419">
    <p class='ocr_par' dir='ltr' id='par_1_5' title="bbox 404 2825 1460 3419">
     <span class='ocr_line' id='line_1_19' title="bbox 404 2825 1458 2916; baseline 0.001 -25"><span class='ocrx_word' id='word_1_128' title='bbox 404 2826 528 2912; x_wconf 87' lang='lat' dir='ltr'><strong>capella</strong></span> <span class='ocrx_word' id='word_1_129' title='bbox 560 2825 776 2916; x_wconf 78' lang='lat' dir='ltr'><strong>Eboracensis</strong></span> <span class='ocrx_word' id='word_1_130' title='bbox 808 2827 967 2907; x_wconf 88' lang='lat' dir='ltr'><strong>dioecesis,</strong></span> <span class='ocrx_word' id='word_1_131' title='bbox 999 2845 1098 2912; x_wconf 91' lang='lat' dir='ltr'><strong>quam</strong></span> <span class='ocrx_word' id='word_1_132' title='bbox 1129 2827 1172 2890; x_wconf 89' lang='lat' dir='ltr'><strong>ad</strong></span> <span class='ocrx_word' id='word_1_133' title='bbox 1205 2827 1265 2892; x_wconf 91' lang='lat' dir='ltr'><strong>hoc</strong></span> <span class='ocrx_word' id='word_1_134' title='bbox 1297 2827 1458 2892; x_wconf 85' lang='lat' dir='ltr'><strong>duxeritis</strong></span> 
     </span>
     <span class='ocr_line' id='line_1_20' title="bbox 405 2927 1458 3015; baseline 0.004 -24"><span class='ocrx_word' id='word_1_135' title='bbox 405 2927 632 3008; x_wconf 86' lang='lat' dir='ltr'><strong>ordinandam,</strong></span> <span class='ocrx_word' id='word_1_136' title='bbox 667 2948 734 2991; x_wconf 92' lang='lat' dir='ltr'><strong>non</strong></span> <span class='ocrx_word' id='word_1_137' title='bbox 769 2928 922 2994; x_wconf 86' lang='lat' dir='ltr'><strong>obstante</strong></span> <span class='ocrx_word' id='word_1_138' title='bbox 948 2929 1037 3014; x_wconf 90' lang='lat' dir='ltr'><strong>quod</strong></span> <span class='ocrx_word' id='word_1_139' title='bbox 1067 2929 1107 2994; x_wconf 91' lang='lat' dir='ltr'><strong>de</strong></span> <span class='ocrx_word' id='word_1_140' title='bbox 1137 2928 1297 3015; x_wconf 86' lang='lat' dir='ltr'><strong>praedicta</strong></span> <span class='ocrx_word' id='word_1_141' title='bbox 1333 2929 1458 2995; x_wconf 83' lang='lat' dir='ltr'><strong>Ebora-</strong></span> 
     </span>
     <span class='ocr_line' id='line_1_21' title="bbox 404 3028 1458 3112; baseline -0.001 -17"><span class='ocrx_word' id='word_1_142' title='bbox 404 3029 493 3095; x_wconf 90' lang='lat' dir='ltr'><strong>censi</strong></span> <span class='ocrx_word' id='word_1_143' title='bbox 520 3028 653 3093; x_wconf 89' lang='lat' dir='ltr'><strong>dioecesi</strong></span> <span class='ocrx_word' id='word_1_144' title='bbox 684 3029 842 3095; x_wconf 87' lang='lat' dir='ltr'><strong>oriundus</strong></span> <span class='ocrx_word' id='word_1_145' title='bbox 873 3029 996 3107; x_wconf 83' lang='lat' dir='ltr'><strong>existit,</strong></span> <span class='ocrx_word' id='word_1_146' title='bbox 1019 3030 1113 3094; x_wconf 88' lang='lat' dir='ltr'><strong>vobis</strong></span> <span class='ocrx_word' id='word_1_147' title='bbox 1143 3029 1340 3112; x_wconf 84' lang='lat' dir='ltr'><strong>conserendi,</strong></span> <span class='ocrx_word' id='word_1_148' title='bbox 1364 3036 1399 3094; x_wconf 86' lang='lat' dir='ltr'><strong>et</strong></span> <span class='ocrx_word' id='word_1_149' title='bbox 1428 3031 1458 3094; x_wconf 85' lang='lat' dir='ltr'><strong>ei</strong></span> 
     </span>
     <span class='ocr_line' id='line_1_22' title="bbox 405 3128 1458 3217; baseline 0.002 -23"><span class='ocrx_word' id='word_1_150' title='bbox 405 3130 593 3217; x_wconf 88' lang='lat' dir='ltr'><strong>recipiendi,</strong></span> <span class='ocrx_word' id='word_1_151' title='bbox 615 3128 806 3214; x_wconf 87' lang='lat' dir='ltr'><strong>hujusmodi</strong></span> <span class='ocrx_word' id='word_1_152' title='bbox 833 3130 983 3196; x_wconf 89' lang='lat' dir='ltr'><strong>ordinem</strong></span> <span class='ocrx_word' id='word_1_153' title='bbox 1013 3132 1207 3216; x_wconf 79' lang='lat' dir='ltr'><strong>acolytatus,</strong></span> <span class='ocrx_word' id='word_1_154' title='bbox 1235 3131 1315 3196; x_wconf 94' lang='lat' dir='ltr'><strong>dum</strong></span> <span class='ocrx_word' id='word_1_155' title='bbox 1345 3137 1458 3197; x_wconf 89' lang='lat' dir='ltr'><strong>tamen</strong></span> 
     </span>
     <span class='ocr_line' id='line_1_23' title="bbox 404 3231 1458 3318; baseline 0.002 -22"><span class='ocrx_word' id='word_1_156' title='bbox 404 3231 497 3298; x_wconf 89' lang='lat' dir='ltr'><strong>aliud</strong></span> <span class='ocrx_word' id='word_1_157' title='bbox 527 3231 720 3296; x_wconf 88' lang='lat' dir='ltr'><strong>canonicum</strong></span> <span class='ocrx_word' id='word_1_158' title='bbox 746 3253 815 3296; x_wconf 90' lang='lat' dir='ltr'><strong>non</strong></span> <span class='ocrx_word' id='word_1_159' title='bbox 837 3231 987 3310; x_wconf 89' lang='lat' dir='ltr'><strong>obsistat,</strong></span> <span class='ocrx_word' id='word_1_160' title='bbox 1008 3231 1157 3310; x_wconf 88' lang='lat' dir='ltr'><strong>liberam,</strong></span> <span class='ocrx_word' id='word_1_161' title='bbox 1180 3237 1294 3298; x_wconf 85' lang='lat' dir='ltr'><strong>tenore</strong></span> <span class='ocrx_word' id='word_1_162' title='bbox 1315 3255 1458 3318; x_wconf 71' lang='lat' dir='ltr'><strong>praesen-</strong></span> 
     </span>
     <span class='ocr_line' id='line_1_24' title="bbox 404 3332 1460 3419; baseline 0 -21"><span class='ocrx_word' id='word_1_163' title='bbox 404 3334 498 3416; x_wconf 89' lang='lat' dir='ltr'><strong>tium,</strong></span> <span class='ocrx_word' id='word_1_164' title='bbox 535 3332 743 3398; x_wconf 88' lang='lat' dir='ltr'><strong>concedimus</strong></span> <span class='ocrx_word' id='word_1_165' title='bbox 774 3333 975 3412; x_wconf 87' lang='lat' dir='ltr'><strong>facultatem,</strong></span> <span class='ocrx_word' id='word_1_166' title='bbox 1006 3340 1042 3399; x_wconf 87' lang='lat' dir='ltr'><strong>et</strong></span> <span class='ocrx_word' id='word_1_167' title='bbox 1072 3334 1241 3401; x_wconf 88' lang='lat' dir='ltr'><strong>licentiam</strong></span> <span class='ocrx_word' id='word_1_168' title='bbox 1276 3335 1460 3419; x_wconf 84' lang='lat' dir='ltr'><strong>specialem.</strong></span> 
     </span>
    </p>
   </div>
   <div class='ocr_carea' id='block_1_5' title="bbox 402 3535 683 3604">
    <p class='ocr_par' dir='ltr' id='par_1_6' title="bbox 402 3535 683 3604">
     <span class='ocr_line' id='line_1_25' title="bbox 402 3535 683 3604; baseline -0.004 -1"><span class='ocrx_word' id='word_1_169' title='bbox 402 3538 517 3604; x_wconf 89' lang='lat' dir='ltr'><strong>lesimo</strong></span> <span class='ocrx_word' id='word_1_170' title='bbox 539 3535 683 3604; x_wconf 86' lang='lat' dir='ltr'><strong>cco⁰.xv⁰.</strong></span> 
     </span>
    </p>
   </div>
   <div class='ocr_carea' id='block_1_6' title="bbox 231 3736 1458 4740">
    <p class='ocr_par' dir='ltr' id='par_1_7' title="bbox 231 3736 1458 4127">
     <span class='ocr_line' id='line_1_26' title="bbox 235 3736 1456 3836; baseline 0.002 -37"><span class='ocrx_word' id='word_1_171' title='bbox 235 3795 286 3828; x_wconf 69' lang='lat' dir='ltr'><strong>com</strong></span> <span class='ocrx_word' id='word_1_172' title='bbox 300 3783 352 3828; x_wconf 46' lang='lat' dir='ltr'><strong>h,</strong></span> <span class='ocrx_word' id='word_1_173' title='bbox 367 3795 384 3828; x_wconf 82' lang='lat' dir='ltr'>n</span> <span class='ocrx_word' id='word_1_174' title='bbox 405 3784 553 3836; x_wconf 70' lang='lat' dir='ltr'><strong>commmio</strong></span> <span class='ocrx_word' id='word_1_175' title='bbox 570 3787 603 3836; x_wconf 75' lang='lat' dir='ltr'><strong>cc</strong></span> <span class='ocrx_word' id='word_1_176' title='bbox 697 3736 886 3803; x_wconf 89' lang='lat' dir='ltr'><strong>Venerabili</strong></span> <span class='ocrx_word' id='word_1_177' title='bbox 928 3739 965 3802; x_wconf 92' lang='lat' dir='ltr'><strong>in</strong></span> <span class='ocrx_word' id='word_1_178' title='bbox 1009 3738 1141 3804; x_wconf 81' lang='lat' dir='ltr'><strong>Christo</strong></span> <span class='ocrx_word' id='word_1_179' title='bbox 1182 3739 1281 3824; x_wconf 90' lang='lat' dir='ltr'><strong>patri,</strong></span> <span class='ocrx_word' id='word_1_180' title='bbox 1322 3737 1456 3803; x_wconf 92' lang='lat' dir='ltr'><strong>domino</strong></span> 
     </span>
     <span class='ocr_line' id='line_1_27' title="bbox 231 3833 1456 3930; baseline 0.002 -28"><span class='ocrx_word' id='word_1_181' title='bbox 231 3833 236 3843; x_wconf 82' lang='lat'>&#39;</span> <span class='ocrx_word' id='word_1_182' title='bbox 300 3835 351 3928; x_wconf 57' lang='grc' dir='ltr'><strong>,ξ</strong></span> <span class='ocrx_word' id='word_1_183' title='bbox 403 3853 579 3930; x_wconf 67' lang='lat' dir='ltr'><strong>celebrandum</strong></span> <span class='ocrx_word' id='word_1_184' title='bbox 636 3837 787 3916; x_wconf 87' lang='lat' dir='ltr'><strong>Ricardo,</strong></span> <span class='ocrx_word' id='word_1_185' title='bbox 809 3839 873 3904; x_wconf 89' lang='lat' dir='ltr'><strong>Dei</strong></span> <span class='ocrx_word' id='word_1_186' title='bbox 905 3841 1022 3926; x_wconf 84' lang='lat' dir='ltr'><strong>gratia,</strong></span> <span class='ocrx_word' id='word_1_187' title='bbox 1049 3840 1266 3906; x_wconf 83' lang='lat' dir='ltr'><strong>Dunolmensi</strong></span> <span class='ocrx_word' id='word_1_188' title='bbox 1298 3840 1456 3926; x_wconf 85' lang='lat' dir='ltr'><strong>episcope,</strong></span> 
     </span>
     <span class='ocr_line' id='line_1_28' title="bbox 361 3920 1458 4024; baseline 0.004 -22"><span class='ocrx_word' id='word_1_189' title='bbox 361 3966 368 3980; x_wconf 93' lang='lat'><strong>·</strong></span> <span class='ocrx_word' id='word_1_190' title='bbox 403 3920 509 3970; x_wconf 76' lang='lat' dir='ltr'><strong>ornnes.</strong></span> <span class='ocrx_word' id='word_1_191' title='bbox 636 3940 688 4004; x_wconf 86' lang='lat' dir='ltr'><strong>sui</strong></span> <span class='ocrx_word' id='word_1_192' title='bbox 710 3939 853 4006; x_wconf 88' lang='lat' dir='ltr'><strong>humiles</strong></span> <span class='ocrx_word' id='word_1_193' title='bbox 875 3947 910 4006; x_wconf 91' lang='lat' dir='ltr'><strong>et</strong></span> <span class='ocrx_word' id='word_1_194' title='bbox 932 3942 1054 4024; x_wconf 87' lang='lat' dir='ltr'><strong>devoti,</strong></span> <span class='ocrx_word' id='word_1_195' title='bbox 1078 3943 1243 4008; x_wconf 86' lang='lat' dir='ltr'><strong>Robertus</strong></span> <span class='ocrx_word' id='word_1_196' title='bbox 1259 3943 1401 4007; x_wconf 89' lang='lat' dir='ltr'><strong>decanus</strong></span> <span class='ocrx_word' id='word_1_197' title='bbox 1423 3949 1458 4006; x_wconf 91' lang='lat' dir='ltr'><strong>et</strong></span> 
     </span>
     <span class='ocr_line' id='line_1_29' title="bbox 403 4040 1456 4127; baseline 0.002 -21"><span class='ocrx_word' id='word_1_198' title='bbox 403 4040 584 4127; x_wconf 87' lang='lat' dir='ltr'><strong>capitulum</strong></span> <span class='ocrx_word' id='word_1_199' title='bbox 616 4041 759 4108; x_wconf 80' lang='lat' dir='ltr'><strong>ecclesiae</strong></span> <span class='ocrx_word' id='word_1_200' title='bbox 790 4041 886 4108; x_wconf 83' lang='lat' dir='ltr'><strong>Beati</strong></span> <span class='ocrx_word' id='word_1_201' title='bbox 924 4043 1015 4109; x_wconf 90' lang='lat' dir='ltr'><strong>Petri</strong></span> <span class='ocrx_word' id='word_1_202' title='bbox 1046 4044 1270 4121; x_wconf 84' lang='lat' dir='ltr'><strong>Eboracenais,</strong></span> <span class='ocrx_word' id='word_1_203' title='bbox 1303 4043 1456 4122; x_wconf 84' lang='lat' dir='ltr'><strong>salutem,</strong></span> 
     </span>
    </p>

    <p class='ocr_par' dir='ltr' id='par_1_8' title="bbox 404 4143 1457 4231">
     <span class='ocr_line' id='line_1_30' title="bbox 404 4143 1457 4231; baseline 0.003 -25"><span class='ocrx_word' id='word_1_204' title='bbox 404 4147 474 4220; x_wconf 78' lang='lat' dir='ltr'><strong>etc,</strong></span> <span class='ocrx_word' id='word_1_205' title='bbox 498 4149 538 4206; x_wconf 83' lang='lat' dir='ltr'><strong>ut</strong></span> <span class='ocrx_word' id='word_1_206' title='bbox 559 4163 676 4229; x_wconf 79' lang='lat' dir='ltr'><strong>supro.</strong></span> <span class='ocrx_word' id='word_1_207' title='bbox 736 4143 791 4208; x_wconf 84' lang='lat' dir='ltr'><strong>Ad</strong></span> <span class='ocrx_word' id='word_1_208' title='bbox 813 4144 1035 4210; x_wconf 89' lang='lat' dir='ltr'><strong>ordinandum</strong></span> <span class='ocrx_word' id='word_1_209' title='bbox 1066 4145 1262 4231; x_wconf 86' lang='lat' dir='ltr'><strong>magistrum</strong></span> <span class='ocrx_word' id='word_1_210' title='bbox 1290 4144 1457 4230; x_wconf 85' lang='lat' dir='ltr'><strong>Rogerum</strong></span> 
     </span>
    </p>

    <p class='ocr_par' dir='ltr' id='par_1_9' title="bbox 403 4243 1457 4331">
     <span class='ocr_line' id='line_1_31' title="bbox 403 4243 1457 4331; baseline 0.002 -23"><span class='ocrx_word' id='word_1_211' title='bbox 403 4243 444 4308; x_wconf 92' lang='lat' dir='ltr'><strong>de</strong></span> <span class='ocrx_word' id='word_1_212' title='bbox 474 4243 676 4324; x_wconf 75' lang='lat' dir='ltr'><strong>Aselalrton&#39;,</strong></span> <span class='ocrx_word' id='word_1_213' title='bbox 707 4249 865 4311; x_wconf 84' lang='lat' dir='ltr'><strong>rectorem</strong></span> <span class='ocrx_word' id='word_1_214' title='bbox 888 4245 1031 4312; x_wconf 82' lang='lat' dir='ltr'><strong>ccclesiae</strong></span> <span class='ocrx_word' id='word_1_215' title='bbox 1062 4247 1104 4311; x_wconf 88' lang='lat' dir='ltr'><strong>de</strong></span> <span class='ocrx_word' id='word_1_216' title='bbox 1135 4247 1309 4331; x_wconf 88' lang='lat' dir='ltr'><strong>Strellaye,</strong></span> <span class='ocrx_word' id='word_1_217' title='bbox 1332 4246 1457 4312; x_wconf 83' lang='lat' dir='ltr'><strong>Ebora-</strong></span> 
     </span>
    </p>

    <p class='ocr_par' dir='ltr' id='par_1_10' title="bbox 403 4343 1453 4431">
     <span class='ocr_line' id='line_1_32' title="bbox 403 4343 1453 4431; baseline 0.005 -22"><span class='ocrx_word' id='word_1_218' title='bbox 403 4344 509 4409; x_wconf 86' lang='lat' dir='ltr'><strong>censis</strong></span> <span class='ocrx_word' id='word_1_219' title='bbox 544 4343 701 4423; x_wconf 88' lang='lat' dir='ltr'><strong>dioecesis,</strong></span> <span class='ocrx_word' id='word_1_220' title='bbox 730 4347 906 4431; x_wconf 84' lang='lat' dir='ltr'><strong>acolytum,</strong></span> <span class='ocrx_word' id='word_1_221' title='bbox 929 4347 972 4411; x_wconf 87' lang='lat' dir='ltr'><strong>ad</strong></span> <span class='ocrx_word' id='word_1_222' title='bbox 1007 4348 1155 4414; x_wconf 84' lang='lat' dir='ltr'><strong>ordinem</strong></span> <span class='ocrx_word' id='word_1_223' title='bbox 1186 4347 1453 4425; x_wconf 86' lang='lat' dir='ltr'><strong>subdiaconatus,</strong></span> 
     </span>
    </p>

    <p class='ocr_par' dir='ltr' id='par_1_11' title="bbox 403 4446 1457 4538">
     <span class='ocr_line' id='line_1_33' title="bbox 403 4446 1457 4538; baseline 0.004 -29"><span class='ocrx_word' id='word_1_224' title='bbox 403 4446 466 4510; x_wconf 90' lang='lat' dir='ltr'><strong>hac</strong></span> <span class='ocrx_word' id='word_1_225' title='bbox 480 4447 620 4511; x_wconf 81' lang='lat' dir='ltr'><strong>instanti</strong></span> <span class='ocrx_word' id='word_1_226' title='bbox 636 4446 688 4511; x_wconf 91' lang='lat' dir='ltr'><strong>die</strong></span> <span class='ocrx_word' id='word_1_227' title='bbox 704 4446 845 4512; x_wconf 85' lang='lat' dir='ltr'><strong>Sabbati</strong></span> <span class='ocrx_word' id='word_1_228' title='bbox 869 4455 888 4482; x_wconf 91' lang='lat'><strong>“</strong></span> <span class='ocrx_word' id='word_1_229' title='bbox 898 4447 1049 4528; x_wconf 81' lang='lat' dir='ltr'><strong>Quatuor</strong></span> <span class='ocrx_word' id='word_1_230' title='bbox 1063 4449 1262 4535; x_wconf 88' lang='lat' dir='ltr'><strong>Temporum</strong></span> <span class='ocrx_word' id='word_1_231' title='bbox 1273 4453 1290 4479; x_wconf 89' lang='lat'><strong>&#39;&#39;</strong></span> <span class='ocrx_word' id='word_1_232' title='bbox 1305 4450 1457 4538; x_wconf 82' lang='lat' dir='ltr'><strong>proxima</strong></span> 
     </span>
    </p>

    <p class='ocr_par' dir='ltr' id='par_1_12' title="bbox 404 4547 1455 4740">
     <span class='ocr_line' id='line_1_34' title="bbox 404 4547 1455 4638; baseline 0.007 -29"><span class='ocrx_word' id='word_1_233' title='bbox 404 4552 479 4631; x_wconf 85' lang='lat' dir='ltr'><strong>post</strong></span> <span class='ocrx_word' id='word_1_234' title='bbox 523 4547 642 4611; x_wconf 84' lang='lat' dir='ltr'><strong>festum</strong></span> <span class='ocrx_word' id='word_1_235' title='bbox 681 4547 813 4614; x_wconf 77' lang='lat' dir='ltr'><strong>Sanctae</strong></span> <span class='ocrx_word' id='word_1_236' title='bbox 851 4549 962 4616; x_wconf 89' lang='lat' dir='ltr'><strong>Luciae</strong></span> <span class='ocrx_word' id='word_1_237' title='bbox 999 4551 1156 4637; x_wconf 88' lang='lat' dir='ltr'><strong>Virginis,</strong></span> <span class='ocrx_word' id='word_1_238' title='bbox 1185 4553 1222 4616; x_wconf 90' lang='lat' dir='ltr'><strong>in</strong></span> <span class='ocrx_word' id='word_1_239' title='bbox 1261 4573 1455 4638; x_wconf 87' lang='lat' dir='ltr'><strong>quacunque</strong></span> 
     </span>
     <span class='ocr_line' id='line_1_35' title="bbox 407 4645 1453 4740; baseline 0.008 -30"><span class='ocrx_word' id='word_1_240' title='bbox 407 4645 542 4710; x_wconf 87' lang='lat' dir='ltr'><strong>ecclesia</strong></span> <span class='ocrx_word' id='word_1_241' title='bbox 563 4646 617 4709; x_wconf 90' lang='lat' dir='ltr'><strong>vel</strong></span> <span class='ocrx_word' id='word_1_242' title='bbox 651 4646 775 4731; x_wconf 81' lang='lat' dir='ltr'><strong>capella</strong></span> <span class='ocrx_word' id='word_1_243' title='bbox 801 4649 900 4716; x_wconf 70' lang='lat' dir='ltr'><strong>dictae</strong></span> <span class='ocrx_word' id='word_1_244' title='bbox 935 4651 1149 4718; x_wconf 81' lang='lat' dir='ltr'><strong>Eboracenais</strong></span> <span class='ocrx_word' id='word_1_245' title='bbox 1171 4653 1329 4732; x_wconf 83' lang='lat' dir='ltr'><strong>dioecesis,</strong></span> <span class='ocrx_word' id='word_1_246' title='bbox 1354 4675 1453 4740; x_wconf 90' lang='lat' dir='ltr'><strong>quam</strong></span> 
     </span>
    </p>
   </div>
   <div class='ocr_carea' id='block_1_7' title="bbox 0 0 1770 5708">
    <p class='ocr_par' dir='ltr' id='par_1_13' title="bbox 0 0 1770 5708">
     <span class='ocr_line' id='line_1_36' title="bbox 0 0 1770 5708; baseline 0 1"><span class='ocrx_word' id='word_1_247' title='bbox 0 0 1770 5708; x_wconf 95' lang='lat' dir='ltr'><strong> </strong></span> 
     </span>
    </p>
   </div>
  </div>
 </body>
</html>
