3562 5710
398 759 484 826 1016
575 771 774 826 eremmon
796 773 1000 828 rmum
1022 775 1265 831 numerosa

244 969 365 1018 murs
395 949 552 1036 Tyndale‚
567 970 627 1038 pro
649 970 687 1016 eo
708 953 897 1036 quodcirca
919 953 1198 1048 diversa'neg'otia
1211 961 1325 1025 nostra
1338 960 1448 1028 fuerat
1459 973 1617 1029 Arme

394 1051 622 1136 multipliciter
644 1058 827 1140 occupatus,
850 1054 874 1120 J
876 1054 1038 1121 ohannem
1054 1056 1095 1122 de
1111 1057 1330 1146 Derlyngton,
1354 1062 1448 1128 cleri-

394 1173 478 1231 eum,
501 1153 544 1217 ad
577 1173 713 1240 eaquae
740 1155 783 1220 ad
805 1156 962 1222 ballivum
986 1158 1179 1243 praedictam
1212 1163 1458 1256 pertinuerunt

396 1251 585 1332 exercenda,
607 1255 677 1320 loco
706 1276 765 1320 suo
798 1257 1009 1342 deputasset,
1028 1259 1181 1348 idemque
1209 1261 1381 1330 Johnnnes
1405 1268 1446 1332 de

395 1353 612 1442 Derlyngton’
637 1357 857 1442 postmodum,
872 1380 929 1444 per
944 1360 968 1425 J
970 1359 1133 1427 ohannem
1148 1363 1189 1428 de
1214 1362 1338 1446 Soules,
1367 1367 1445 1434 Soo-

394 1459 476 1535 tum,
500 1455 671 1521 inimicum
693 1463 728 1522 et
753 1458 905 1523 rebellem
932 1465 1090 1540 nostrum,
1122 1468 1238 1551 eaptus
1261 1467 1386 1547 firisset,
1410 1476 1445 1535 et

394 1557 558 1635 detentus,
574 1577 742 1644 quousque
761 1559 918 1644 praefatus
935 1561 1107 1641 Robe1tus,
1121 1561 1165 1630 ad
1189 1568 1371 1634 instantem
1393 1592 1443 1635 re-

396 1658 606 1744 quisitionem
621 1658 703 1724 dieti
725 1660 749 1724 J
750 1660 888 1726 ohannis
908 1663 949 1726 de
964 1663 1180 1752 Derlyngton,
1197 1669 1297 1735 finem
1313 1670 1443 1740 fecisset

262 1841 265 1846 ¹
393 1780 468 1826 oum
480 1759 598 1824 eodem
614 1759 768 1827 Johanne
783 1763 824 1827 de
839 1762 963 1840 Soules,
986 1787 1044 1852 per
1066 1769 1287 1856 quadraginta
1307 1781 1441 1854 marces,

392 1881 451 1950 pro
473 1862 667 1928 liberatione
689 1862 834 1948 ejusdem
849 1863 872 1928 J
874 1863 1012 1930 ohannis
1032 1868 1073 1932 de
1095 1869 1322 1958 Derlyngton',
1337 1881 1372 1941 et
1387 1897 1442 1942 eas

393 1965 435 2030 de
451 1965 596 2031 exitibus
617 1963 750 2028 ballivae
765 1967 931 2050 praedictae
947 1969 978 2032 ei
993 1969 1138 2053 plenarie
1154 1974 1362 2058 persolvisset
1376 2003 1384 2059 ;
1406 1985 1442 2045 et
1503 1981 1509 1990 ’

392 2065 470 2132 licet
493 2066 581 2130 idem
607 2063 777 2130 lohannes
803 2067 844 2130 de
869 2067 1094 2155 Derlyngtcn',
1109 2078 1186 2159 post
1211 2075 1440 2146 liberationem

392 2187 494 2244 suam
509 2166 545 2230 in
568 2166 743 2251 praesentia
765 2166 1013 2256 fidedignorum,
1028 2175 1231 2258 promisisset
1253 2201 1287 2244 se
1301 2183 1440 2266 praefato

410 2267 554 2332 Roberto
585 2268 626 2332 de
644 2267 808 2353 praedictis
827 2310 828 2313 =
844 2272 1066 2358 quadraginta
1099 2279 1218 2343 mareis
1250 2282 1347 2346 certis
1374 2289 1440 2350 ter-

391 2367 490 2435 minis
505 2367 758 2447 satisfactruum,
781 2373 821 2434 ut
835 2370 923 2436 idem
940 2373 1105 2440 Robertus
1120 2379 1216 2444 nobis
1231 2382 1272 2446 de
1293 2385 1439 2452 exitibus

389 2468 556 2558 praedictis
578 2474 695 2554 posset,
715 2475 755 2532 ut
788 2471 930 2550 deberet,
954 2474 1099 2560 plenarie
1121 2484 1325 2566 respondere,
1350 2493 1439 2572 post-
1489 2567 1492 2570 ¹

388 2572 523 2636 modum
538 2573 651 2636 tamen
676 2569 839 2637 malitiose
867 2593 901 2637 se
923 2574 1099 2656 subtraxit,
1122 2585 1157 2644 et
1183 2584 1227 2647 ad
1249 2585 1439 2654 libertatem

329 2714 331 2718 .
388 2676 531 2738 vestram
554 2671 810 2738 Dunelmensem
834 2675 1034 2762 confugiens,
1050 2680 1137 2746 infra
1152 2686 1289 2751 eandem
1311 2711 1438 2756 moram

387 2773 549 2860 pertrahit
571 2773 735 2839 latitando
747 2799 755 2854 ;
782 2797 840 2862 per
863 2779 950 2862 quod
973 2779 1062 2845 idem
1084 2783 1247 2852 Robertue
1269 2789 1438 2878 hucusque

386 2873 579 2962 praedictam
601 2874 772 2960 pecuniam
796 2876 836 2942 de
862 2879 1000 2963 praefato
1024 2881 1178 2950 Johanne
1201 2888 1242 2954 de
1272 2890 1437 2981 Derlyng-
1485 2969 1491 2976 ,

386 2977 454 3040 ton'
476 2995 666 3060 recuperare
695 2996 762 3040 non
792 2979 910 3062 potuit,
934 3002 994 3047 nec
1022 2984 1118 3049 nobis
1139 2987 1181 3052 de
1212 2990 1346 3058 ballivae
1368 3017 1437 3062 suae
1493 2981 1511 3008 i

385 3075 551 3162 predicte
574 3075 717 3141 exitibus
739 3079 933 3163 respondere
953 3080 1157 3167 sufficienter,
1181 3096 1220 3155 ut
1235 3093 1377 3174 deberet,
1400 3099 1437 3162 in
1482 3089 1484 3094 ’

387 3179 492 3244 nostri
516 3182 550 3242 et
586 3179 689 3263 ipsius
712 3179 849 3246 Roberti
884 3183 1094 3270 dispendium
1123 3212 1192 3256 non
1214 3197 1380 3264 modicum
1402 3208 1437 3266 et

386 3279 558 3366 jacturam.
604 3281 650 3346 Et
684 3281 762 3366 quia
795 3287 864 3347 tom
886 3306 945 3371 pro
976 3293 1097 3368 nostra,
1120 3313 1220 3376 quam
1251 3318 1310 3382 pro
1331 3301 1435 3386 ipsius

391 3382 536 3465 Roberti,
568 3381 786 3450 indemnitate
809 3384 845 3447 in
877 3385 940 3452 hac
977 3394 1070 3474 parte
1100 3396 1283 3462 remedium
1313 3405 1435 3488 apponi

393 3483 545 3549 volumus
568 3489 787 3570 opportunum
799 3509 807 3565 3
828 3487 923 3552 vobis
952 3491 1155 3574 mandamus,
1179 3501 1275 3583 quod,
1306 3510 1436 3591 recepta

391 3584 434 3651 ab
457 3585 569 3650 eodem
592 3585 736 3650 Roberto
759 3585 801 3652 de
823 3587 911 3654 dicto
940 3593 1073 3678 negotio
1102 3595 1337 3669 informatione
1365 3607 1436 3692 ple·

393 3687 492 3764 niore,
509 3686 635 3759 dictum
657 3685 682 3751 J
683 3686 845 3752 ohannem
868 3690 909 3754 de
924 3689 1150 3782 Derlyngton',
1166 3700 1212 3766 sic
1227 3701 1315 3771 infra
1336 3706 1434 3773 liber-

387 3791 493 3854 tatem
525 3792 670 3854 vestram
709 3789 914 3871 existentem,
948 3795 991 3859 ad
1029 3799 1296 3872 satmfaciendum
1325 3805 1434 3876 eidem

388 3889 533 3954 Roberto
563 3890 604 3953 de
634 3888 731 3955 dictis
762 3892 981 3980 quodraginta
1019 3902 1145 3982 mareis,
1174 3914 1273 3992 prout
1306 3912 1349 3976 ad
1371 3913 1434 3982 hoc
1555 3927 1558 3932 '

384 3993 526 4068 tenetur,
555 3989 661 4055 modis
690 3995 725 4056 et
754 3991 818 4055 viis
848 3995 1001 4063 omnibus
1031 4001 1158 4086 quibus,
1196 4008 1320 4094 absque
1344 4013 1432 4099 juris

313 4085 315 4088 ’
384 4091 516 4170 offensa,
540 4091 701 4177 poteritis,
728 4093 936 4179 compellatis,
960 4103 1000 4164 ut
1029 4101 1117 4168 idem
1144 4107 1309 4178 Robertus
1334 4117 1431 4181 nobis

386 4195 427 4260 de
449 4193 593 4260 exitibus
615 4193 790 4279 praedictis,
806 4195 846 4260 de
869 4202 1014 4284 tempore
1036 4207 1203 4292 praedicto,
1217 4220 1316 4298 prout
1339 4221 1431 4284 tene-

383 4301 448 4375 tur,
470 4295 599 4381 plenius
639 4296 750 4362 valeat
790 4300 990 4384 respondere.
1047 4306 1145 4375 Teste
1176 4315 1310 4402 meipso,
1340 4323 1430 4406 apud

388 4399 579 4477 Eboracum,
594 4394 640 4466 x⁰.
657 4398 709 4464 die
733 4398 944 4486 Septembris,
959 4425 1045 4473 anno
1069 4413 1161 4498 regni
1176 4419 1280 4483 nostri
1305 4426 1429 4490 octavo.

214 4613 346 4712 Qffiaes
383 4645 661 4711 Breveregisprolto
742 4617 938 4702 Edwardus,
962 4623 1025 4690 Dei
1054 4633 1171 4715 gratia,
1202 4656 1262 4700 rex
1291 4639 1429 4726 Anglire,

214 4716 368 4817 gumpho
382 4713 455 4764 berto
469 4715 500 4762 ue
513 4713 627 4764 Bndok’.
695 4720 846 4788 dominus
871 4723 1050 4808 Hiberniae,
1073 4736 1108 4797 et
1132 4734 1201 4801 dux
1228 4738 1427 4826 Aquitaniae,
