3564 5744
383 802 468 862 1102
559 812 756 864 acclamavit
779 808 982 861 Panaenum
1005 807 1246 860 DUNEIMNSE.

231 979 288 1024 Μ).
298 983 355 1025 1315.

244 1043 334 1085 anab.
380 1036 462 1088 Breve
474 1035 539 1103 regis
550 1051 596 1100 pro
605 1051 648 1087 ex·
726 997 919 1075 fflWdUS,
951 995 1015 1062 Del
1047 996 1164 1082 gratia,
1198 1017 1258 1060 rex
1288 993 1429 1082 Angliae,
1444 1005 1603 1060 heldelm-

191 1103 361 1197 {¹¹33}ssssng
381 1103 524 1153 eouaoriaus
537 1103 648 1180 episcopi
682 1099 834 1165 dominus
864 1097 1045 1175 Hiberniae,
1067 1103 1102 1162 et
1134 1097 1204 1162 dux
1229 1097 1430 1182 Aquitaniae,

381 1170 565 1220 Dunolmemrs.

212 1205 368 1306 ffiffig
681 1199 864 1266 venerabili
908 1199 944 1264 in
978 1198 1112 1266 Christo
1148 1197 1245 1285 patri,
1280 1197 1430 1278 Ricardo,

212 1304 361 1402 yffiffl
382 1299 496 1364 eadem
528 1300 645 1386 gratia,
678 1302 829 1389 episcopo
862 1300 1089 1382 Dunolmensi,
1122 1299 1271 1367 salutem.
1329 1299 1432 1364 Vobis

212 1404 355 1498 gpffliffi
381 1402 584 1480 mandamus,
606 1403 693 1488 quod
721 1403 835 1469 venire
864 1402 995 1468 faciatis
1024 1423 1133 1469 coram
1163 1399 1367 1467 thesaurario
1396 1393 1455 1466 et'

381 1502 560 1569 baronibus
583 1504 624 1569 de
647 1504 823 1572 Scaccmio'
837 1508 958 1581 nostro,
981 1504 1072 1591 apud
1091 1500 1430 1580 westmonasterium,

382 1625 403 1668 a
425 1603 479 1669 die
511 1603 629 1671 Sancti
660 1605 797 1672 Hillarii
819 1605 856 1670 in
877 1627 932 1672 xv.
956 1605 1035 1683 dies,
1058 1603 1237 1671 Ricardum
1266 1604 1373 1668 filium
1395 1608 1430 1668 et

383 1704 546 1770 haeredem
569 1706 735 1773 lobannis
765 1707 827 1772 filii
857 1705 1072 1785 Marmeduk’,
1094 1707 1138 1771 ad
1166 1705 1429 1792 respondendnm

381 1805 477 1872 nobis
499 1811 535 1872 et
557 1808 686 1874 dilectis
708 1815 743 1875 et
764 1809 916 1876 fidelibus
938 1809 1068 1886 nostris,
1083 1809 1106 1874 J
1108 1807 1229 1873 ohanni
1252 1808 1293 1872 de
1308 1805 1430 1873 Foxole

383 1913 418 1972 et
439 1907 574 1974 Th0mae
596 1910 638 1974 de
660 1910 836 1997 Wylugby,
859 1932 940 1996 quos
966 1931 1026 1996 per
1066 1908 1179 1974 literas
1210 1911 1339 1974 nostras
1372 1929 1431 1995 pa-

383 2014 491 2075 tentes
513 2010 754 2098 assignavimus
786 2012 831 2078 ad
852 2011 1040 2077 omnimoda
1062 2010 1176 2076 debita
1201 2032 1275 2096 quae
1296 2010 1430 2074 domino

383 2111 542 2191 Antonio,
564 2113 731 2198 quondam
764 2113 958 2206 patriarchae
988 2112 1274 2198 Jerosolymitano,
1299 2117 1334 2177 et
1363 2111 1432 2198 epi·

384 2234 482 2300 scopo
517 2215 743 2293 Dunolmeusi,
765 2217 859 2281 adum
892 2215 989 2292 vixit,
1023 2219 1059 2280 et
1093 2213 1163 2298 ejus
1200 2213 1431 2280 executoribus

384 2321 619 2402 postmortem
650 2338 752 2400 suam,
782 2317 915 2384 nomine
948 2337 1015 2393 sun,
1038 2337 1059 2380 a
1081 2315 1330 2402 quibuscunque
1359 2335 1432 2401 per-

384 2417 482 2496 sonis,
505 2423 604 2483 etex
626 2439 820 2505 quacunque
841 2439 948 2498 causa,
972 2417 1187 2494 debebantur,
1201 2417 1334 2483 nomine
1356 2436 1430 2482 nos·

383 2524 444 2598 tro,
476 2525 511 2585 et
548 2521 591 2586 ad
623 2542 704 2607 opus
741 2524 900 2599 nostrum,
939 2519 1101 2607 exigenda
1135 2524 1169 2584 et
1205 2519 1354 2601 levanda,
1389 2519 1431 2582 da

384 2621 533 2688 ducentis
555 2625 590 2687 et
613 2644 732 2689 novem
754 2623 848 2688 libris
870 2622 1024 2688 undecim
1046 2621 1158 2686 solidis
1181 2626 1215 2686 et
1237 2643 1303 2686 uno
1326 2621 1431 2700 obolo,

383 2724 552 2809 inquibus
574 2724 662 2788 idem
680 2724 839 2792 Ricardus
861 2723 998 2811 praefato
1014 2722 1211 2812 Patriambae
1226 2728 1260 2788 et
1274 2723 1435 2810 episcopo,

385 2825 438 2890 die
461 2846 526 2910 quo
548 2825 642 2904 obiit,
664 2825 860 2892 tenebatur:
890 2825 1004 2905 ¹venire
1026 2825 1128 2890 etiam
1150 2825 1279 2892 faciatis
1299 2824 1433 2904 ibidem,

384 2928 427 2992 ad
448 2927 587 2992 cundem
610 2927 707 3006 diem,
720 2927 866 2993 Alanum
888 2927 929 2992 de
944 2927 1081 3007 Bellon,
1098 2947 1270 3012 personam
1292 2927 1433 2994 ecclesiae

385 3028 426 3092 de
457 3027 629 3114 Ellewyk’,
650 3029 694 3094 ad
724 3029 987 3116 respondendum
1018 3027 1185 3115 praedictis
1219 3027 1368 3095 Johauni
1399 3033 1434 3093 et

385 3129 520 3196 Thomas
553 3130 594 3195 de
615 3130 766 3198 ducentis
797 3137 832 3196 et
860 3151 979 3197 novem
1011 3129 1104 3196 libris
1134 3130 1286 3198 undecim
1319 3129 1433 3196 solidis

385 3237 420 3297 et
435 3254 501 3297 uno
517 3231 620 3310 obolo,
634 3233 671 3296 in
685 3232 805 3319 quibus
825 3232 915 3298 idem
930 3232 1056 3298 Alanus
1078 3231 1216 3319 praefato
1238 3232 1434 3320 patriarchae

385 3339 421 3399 et
452 3334 610 3422 episcopo,
640 3335 693 3400 die
732 3349 797 3420 quo
828 3333 921 3415 obiit,
955 3333 1132 3400 tenebatur
1144 3359 1153 3416 ;
1189 3339 1225 3400 et
1257 3335 1433 3400 Rabanum

386 3436 545 3502 vicarium
568 3437 710 3504 ecclesiae
731 3437 773 3502 de
796 3435 987 3514 Sokeburn',
1003 3435 1046 3502 ad
1068 3436 1330 3523 respondendum
1350 3457 1434 3522 prae·

386 3539 484 3607 dictis
508 3539 654 3604 Jolianni
677 3542 712 3606 et
734 3538 867 3604 Thomas
890 3539 931 3603 de
954 3538 1104 3604 ducentis
1131 3542 1165 3604 et
1194 3559 1313 3604 novem
1336 3537 1434 3602 'libris

385 3642 536 3708 undecim
571 3641 683 3706 solidis
706 3646 740 3706 et
761 3662 827 3706 uno
850 3639 953 3717 obolo,
969 3639 1005 3704 in
1026 3639 1147 3725 quibus
1168 3639 1256 3705 idem
1277 3640 1435 3708 Rabanus

386 3743 524 3828 praefato
539 3741 733 3830 patriarchae
748 3745 783 3807 et
798 3727 957 3828 episcop'o,
974 3741 1027 3806 die
1049 3764 1114 3827 quo
1130 3741 1222 3822 obiit,
1237 3741 1434 3822 tenebatur3

386 3849 421 3909 et
455 3844 623 3910 Simonem
655 3844 696 3910 de
730 3843 879 3930 Friseby,
911 3841 1116 3930 capellanum
1159 3848 1364 3929 perpetuum,
1396 3845 1433 3909 in

386 3946 519 4010 ecclesia
534 3946 576 4011 de
590 3945 760 4032 Esington,
776 3945 819 4010 ad
833 3945 1096 4032 respondendum
1118 3941 1265 4031 praefatis
1281 3946 1305 4012 J
1306 3947 1433 4013 ohanni

385 4053 419 4112 et
444 4047 579 4114 Thomas
602 4048 643 4114 de
666 4046 816 4114 ducentis
846 4053 880 4112 et
902 4067 1022 4112 novem
1051 4045 1145 4113 libris
1177 4049 1331 4115 undecim
1361 4048 1436 4114 soli-

385 4150 436 4214 dis
458 4155 493 4216 et
516 4171 583 4216 uno
605 4149 709 4230 obolo,
724 4149 760 4214 in
782 4148 902 4235 quibus
924 4149 1013 4214 idem
1035 4147 1150 4216 Simon
1165 4150 1310 4238 proefato
1332 4151 1435 4239 patri-

385 4252 491 4318 archae
507 4256 542 4318 et
556 4252 714 4339 episcopo,
723 4251 776 4318 dis
792 4272 857 4337 quo
872 4251 964 4330 obiit,
979 4251 1155 4317 tenebatur
1163 4277 1172 4331 ;
1197 4257 1232 4318 et
1247 4253 1433 4319 Gilbertum

385 4356 426 4420 de
449 4353 662 4432 Scaresbrek',
685 4354 728 4420 ad
758 4353 1020 4440 respondendum
1052 4354 1200 4440 praesatis
1226 4353 1374 4419 Johanni
1397 4360 1432 4419 et

385 4457 519 4522 Thomas
551 4457 765 4522 deducentis
796 4461 831 4522 et
861 4477 980 4521 novem
1010 4455 1112 4536 libris,
1136 4456 1289 4523 undecim
1320 4455 1434 4522 solidis

385 4563 419 4623 et
456 4580 523 4622 uno
559 4557 663 4636 obolo,
690 4560 726 4623 in
764 4557 883 4643 quibus
924 4556 1041 4644 [idem]
1083 4558 1253 4624 Gilbertus
1290 4559 1428 4645 praefato

315 4696 317 4701 ·
384 4660 579 4747 patriarchae
613 4663 648 4724 et
679 4659 838 4747 episcopo,
869 4660 922 4725 die
954 4681 1018 4745 quo
1050 4660 1142 4738 obiit,
1173 4660 1373 4742 tenebatur;
1396 4664 1431 4726 et
