3524 5716
521 785 717 875 airammum
741 825 943 876 PALATINUM
966 827 1204 878 nenbrunnen
1302 813 1388 885 l167

175 1031 330 1084 summa.
344 1007 475 1095 praefati
500 1008 666 1090 willelmi,
698 1013 851 1098 praesenti
884 1019 981 1078 cartae
999 1013 1203 1080 ’alternatim
1226 1019 1305 1078 sunt
1331 1035 1388 1098 ap·
1419 1025 1474 1070 Μ).
1483 1029 1540 1072 1⁸12·

342 1131 451 1196 pensa.
500 1111 575 1176 Hiis
590 1114 740 1194 testibus,
755 1115 923 1201 magistris
945 1115 968 1180 J
970 1115 1098 1181 ohanne
1113 1115 1153 1188 de
1169 1116 1291 1192 Insula,
1302 1115 1389 1201 juris

344 1211 451 1276 civilis
474 1213 660 1299 professore,
678 1216 776 1281 Petro
798 1216 840 1280 do
856 1215 1012 1294 Kellawe,
1029 1217 1172 1284 Henrico
1187 1217 1228 1282 de
1247 1217 1388 1302 Luceby,

343 1312 468 1378 clericis
497 1317 627 1394 nostris,
651 1317 815 1382 Willelmo
838 1319 879 1382 de
909 1319 1050 1397 Denum,
1073 1319 1218 1384 Patricio
1240 1319 1281 1383 de
1310 1319 1389 1384 Kel-

343 1413 435 1492 lawe,
459 1415 602 1482 Boberto
629 1419 671 1482 de
703 1419 899 1506 Ossogotby,
930 1419 1069 1486 Ricardo
1101 1420 1142 1484 de
1175 1420 1387 1510 Haueringes

344 1514 508 1582 Willelrno
531 1518 572 1583 de
587 1518 782 1606 Hathelsey,
803 1526 838 1586 et
859 1521 943 1588 aliis.

388 1616 504 1696 Quaere
526 1619 656 1685 literam
681 1622 720 1686 de
750 1623 901 1708 ponendo
921 1624 1033 1710 ipsum
1056 1625 1093 1688 in
1115 1623 1269 1689 saisinam
1292 1623 1387 1705 infra,
1400 1623 1554 1717 meppea

342 1723 503 1802 quaterno
533 1721 685 1802 secundo,
713 1723 792 1789 folio
815 1725 923 1789 tertio.
1400 1724 1503 1768 thereos.

343 1881 506 1951 confirmatio
517 1899 581 1950 nivi.
674 1851 838 1917 Omnibus
877 1851 1000 1918 Christi
1035 1853 1195 1932 fidelibus,
1229 1852 1271 1917 ad
1306 1875 1387 1940 quos
1399 1849 1523 1953 colim

342 1965 418 2014 sionis
467 1967 580 2017 ecelesia
614 1959 789 2040 praesentes
826 1953 932 2020 literae
963 1956 1181 2041 pervenerint,
1220 1955 1379 2020 Ricardus
1399 1960 1537 2013 ttonbrtte

342 2031 360 2082 S
421 2031 463 2084 Ὦ
527 2032 542 2045 ..
707 2055 759 2070 Η
880 2057 922 2070 ..
1215 2058 1222 2072 ·
1310 2059 1317 2072 .
1379 2009 1515 2070 ’blahopot

361 2040 428 2124 Ψ]
465 2047 551 2098 ³⁰'⁸¹¹·
613 2077 825 2140 permissione
855 2056 977 2136 divma,
1008 2056 1242 2122 Dunolmensm
1268 2060 1545 2153 eprsco-gl‘fflglllon

341 2177 413 2241 pus,
437 2157 576 2222 salutem
599 2160 636 2220 in
665 2156 815 2221 Domino.
852 2156 937 2222 Oum
959 2178 1026 2235 nos,
1049 2158 1086 2221 in
1115 2179 1286 2244 progressu
1308 2157 1528 2252 visi-3³„l11131d0335²

342 2258 480 2322 tationis
513 2264 634 2324 nostroe
668 2278 766 2342 quam
800 2278 905 2344 nuper
940 2259 1145 2324 exercuimus
1176 2261 1212 2323 in
1256 2259 1387 2325 dioecesi
1401 2259 1537 2312 Mm-

344 2359 568 2437 Dunohnensi‚
592 2360 814 2424 invenerimus
838 2360 1007 2431 dominum
1027 2359 1224 2424 Willelmum
1246 2361 1288 2425 de
1303 2360 1388 2425 Lon·

342 2459 426 2539 don’,
449 2461 662 2546 capellanum,
697 2461 740 2524 ad
771 2461 1057 2546 praesentationem
1090 2460 1257 2547 Radulphi
1289 2462 1387 2537 Bart’,

342 2583 439 2626 unam
465 2563 660 2648 portionem,
682 2563 725 2626 ab
748 2563 838 2626 omni
869 2583 965 2628 onere
987 2563 1123 2627 liberam
1148 2567 1182 2627 et
1197 2564 1385 2638 immunem,

341 2665 474 2728 nomine
497 2671 698 2750 personatus,
722 2668 757 2728 et
779 2664 950 2728 dominum
980 2663 1168 2729 Johannem
1192 2664 1232 2727 de
1255 2663 1386 2741 Combe,

340 2766 576 2852 presbyterum,
600 2765 643 2829 ad
672 2767 958 2850 praesentationem
989 2764 1155 2830 Jobannis
1185 2765 1226 2830 de
1253 2764 1384 2843 (lambe,

340 2867 443 2952 patris
465 2867 526 2944 sui,
548 2867 648 2931 aliam
677 2867 872 2951 portionem,
902 2888 975 2931 cum
998 2867 1087 2931 omni
1110 2888 1188 2932 cura
1218 2874 1252 2932 et
1277 2889 1384 2942 onore,

339 2969 471 3035 nomine
487 2967 628 3046 viceriae,
644 2969 679 3032 in
696 2969 828 3033 ecclesia
844 2969 884 3032 de
901 2968 1085 3033 Middelton
1102 2967 1216 3034 Sancti
1233 2968 1385 3056 Georgii¹

340 3076 461 3135 nostrae
500 3069 656 3146 dioecesis,
697 3075 810 3134 tenere
843 3069 985 3146 divisim,
1022 3071 1244 3135 institutionis
1285 3071 1385 3135 titulo

341 3177 525 3258 occupatas,
542 3172 671 3236 eosdem
686 3170 899 3248 Willelmum,
916 3170 1110 3248 Johannem,
1134 3171 1328 3248 Johannem,
1352 3179 1386 3236 et

342 3273 563 3358 Radulplrum,
578 3273 620 3338 ad
636 3277 741 3337 certos
757 3273 826 3337 dies
842 3279 876 3337 et
891 3273 971 3350 loca,
986 3293 1094 3337 coram
1117 3273 1213 3338 certis
1237 3273 1385 3338 commis-

340 3375 434 3438 sariis
452 3374 582 3452 nostris,
598 3374 634 3437 in
649 3395 688 3438 ea
710 3379 812 3460 parte,
829 3395 928 3460 super
949 3373 1015 3438 hiis
1029 3373 1165 3440 lecimus
1184 3374 1387 3459 judicialiter

339 3476 476 3542 evocari.
507 3476 560 3538 Ex
574 3481 669 3561 parte
684 3497 822 3560 quorum
838 3475 1111 3561 portionariorum
1123 3479 1157 3540 et
1172 3481 1384 3561 patronorum

340 3579 407 3641 fuit
430 3599 538 3641 coram
561 3578 684 3641 eisdem
708 3576 947 3655 commissoriis,
970 3576 1006 3639 in
1029 3575 1134 3642 forma
1152 3576 1246 3662 juris,
1270 3599 1385 3664 propo·

340 3680 450 3758 situm,
474 3679 562 3763 quod
586 3679 697 3744 eadem
724 3679 857 3744 ecclesia
878 3678 913 3741 in
936 3678 1019 3742 duas
1041 3676 1217 3764 portiones,
1240 3685 1279 3743 ut
1301 3701 1383 3764 prae·

340 3779 496 3857 mittitur,
533 3781 730 3844 auctoritate
767 3778 984 3864 competenti,
1005 3783 1040 3844 et
1077 3777 1251 3844 sufficienti
1284 3781 1384 3845 intor-

340 3881 503 3958 veniente,
525 3881 673 3948 utilitate
705 3881 808 3968 ipsius
842 3881 984 3946 ecclesiae
1019 3885 1223 3966 exposcente,
1247 3881 1311 3946 fuit
1343 3882 1385 3947 ab

340 3984 476 4067 antiquo
509 3983 625 4063 divisa,
649 4005 688 4049 ac
718 3983 849 4068 patroni
880 3983 1067 4068 portionum
1098 3983 1243 4066 ipsarum
1266 3983 1309 4048 ad
1332 4004 1385 4047 eas

341 4105 468 4170 semper
491 4085 574 4150 citra
600 4084 615 4171 [
682 4083 709 4170 ],
731 4084 875 4160 divisim,
891 4083 1024 4160 scilicet,
1039 4083 1162 4168 singuli
1178 4084 1317 4169 patroni,
1341 4085 1384 4150 ad

339 4186 486 4271 singulas
518 4187 684 4270 portiones
706 4185 866 4251 hacteuus
900 4191 1151 4271 praesentarunt,
1176 4173 1384 4272 episcopique
1426 4221 1428 4226 ·

339 4287 587 4364 Dunolmenses,
619 4287 677 4371 qui
708 4308 768 4373 pro
801 4291 947 4372 tempore
980 4286 1124 4366 fuerunt,
1144 4309 1309 4372 personas,
1342 4281 1385 4354 td

340 4387 446 4452 dictas
479 4388 645 4473 portiones
668 4387 714 4451 sic
745 4386 810 4451 sibi
840 4391 1065 4473 praesentatas,
1087 4388 1130 4452 ad
1152 4389 1281 4454 easdem
1314 4411 1386 4475 por-

338 4490 445 4554 tiones
475 4489 650 4575 separatim
681 4488 821 4554 scienter
853 4494 888 4552 et
909 4489 1089 4574 prudenter
1111 4489 1207 4553 dictis
1230 4491 1386 4576 tempori-

339 4593 401 4656 bus
416 4591 641 4670 admiserunt;
662 4596 696 4656 et
710 4591 774 4676 ips'i
786 4591 979 4676 portionarii
1000 4591 1189 4677 supradicti,
1213 4596 1247 4656 et
1261 4593 1385 4678 praede·

673 4791 681 4824 ¹
700 4789 801 4859 Georqii
817 4791 947 4856 [Gregorii
958 4793 986 4862 in
997 4793 1053 4844 MS.
