3362 5720
428 815 627 865 ancrsrauu
650 813 851 866 rsnlrruuu
874 814 1115 868 nuunnnrusn.
1207 801 1296 872 1267

79 995 358 1074 mammonam,
381 1002 416 1062 et
438 998 573 1076 dimisit,
607 999 714 1063 cidem
745 1001 901 1086 magistro
939 1000 1085 1064 Joharmi
1119 1022 1176 1064 sex
1206 1019 1297 1066 acras
1326 1010 1449 1054 tmoli·

247 1099 338 1184 prati
353 1099 406 1164 sui
421 1099 577 1166 dominici
591 1101 627 1165 in
643 1106 738 1188 prato
755 1102 812 1186 qui
835 1108 972 1169 vocatur
994 1111 1011 1137 “
1021 1101 1231 1188 Yaldoplot',”
1256 1124 1298 1166 cx

246 1206 340 1285 parte
372 1201 563 1267 occidentali
586 1202 666 1267 dicti
699 1204 854 1288 pratici
885 1204 1037 1270 horreum
1060 1209 1095 1269 ot
1124 1203 1298 1269 bovarium

246 1304 385 1368 manerii
408 1305 460 1370 sui
491 1305 651 1392 praedicti,
676 1327 751 1373 cum
774 1307 904 1374 stabulo
934 1307 1115 1374 haffrorum
1138 1313 1173 1372 et
1195 1328 1299 1393 parva

247 1427 330 1486 casa,
350 1406 451 1491 juxta
472 1407 655 1486 bovarium,
677 1408 715 1472 in
738 1430 804 1495 qua
825 1410 983 1476 carucarii
1007 1410 1116 1495 jacere
1139 1409 1298 1486 solebant,

249 1529 411 1572 unacum
434 1509 547 1595 placea
569 1529 644 1596 quse
666 1515 805 1576 vocatur
842 1519 913 1597 “ye
952 1509 1191 1597 Lathegarth','’
1224 1531 1298 1576 cum

245 1608 348 1674 libero
380 1610 521 1675 introitu
544 1615 579 1676 et
610 1611 712 1690 exitu,
736 1616 771 1677 et
801 1613 875 1678 aliis
897 1613 1107 1701 pertinentiis
1130 1617 1165 1678 et
1190 1612 1299 1697 aysia-

245 1711 367 1775 mentis
382 1711 471 1788 suis3
495 1713 588 1779 salvo
606 1712 745 1798 janitori
760 1713 841 1780 dicti
857 1714 995 1779 manerii
1018 1715 1186 1780 commodo
1209 1713 1298 1798 quod

245 1818 373 1898 spectat
395 1814 438 1879 ad
471 1814 614 1880 officium
646 1837 751 1894 suum,
775 1815 816 1880 de
848 1817 968 1882 averiis
1000 1816 1199 1903 importatis,
1222 1836 1297 1882 cum

245 1913 358 1999 placeo
379 1921 579 1999 memorata;
602 1917 783 1983 tenendum
805 1922 840 1982 et
869 1918 1058 1983 habendum
1088 1923 1201 1995 terras,
1224 1939 1298 2003 pas-

246 2021 356 2082 turam
393 2018 582 2104 separalem,
616 2020 830 2105 operationes,
861 2019 1123 2098 consuetudines,
1153 2009 1296 2105 pratum}

246 2119 409 2198 horreum,
425 2125 460 2186 et
482 2120 593 2187 omnia
615 2121 682 2187 alia
705 2121 903 2208 supradicta,
926 2143 999 2186 cnm
1023 2123 1175 2188 omnibus
1197 2121 1298 2208 perti-

246 2221 370 2285 nentiis
393 2227 427 2286 et
448 2222 664 2308 aysiamentis
686 2223 763 2303 suis,
779 2223 938 2308 praedicto
960 2224 1118 2310 magistro
1140 2222 1296 2303 Johanni,

246 2321 431 2388 haeredibus
454 2328 489 2389 et
519 2324 694 2410 assignatis
726 2325 801 2402 suis,
824 2324 934 2403 libere,
950 2326 1069 2411 quiete,
1091 2326 1174 2391 bene
1198 2329 1232 2390 et
1261 2325 1295 2388 in

246 2445 333 2510 pace,
364 2425 450 2490 sicut
484 2426 661 2512 praedictus
694 2426 863 2513 episcopus
894 2447 934 2492 ea
964 2428 1083 2504 tenuit,
1117 2448 1220 2512 usque
1254 2425 1298 2492 ad

245 2525 424 2591 terminum
446 2527 588 2614 triginta
608 2548 770 2594 annorum
793 2527 939 2615 plenarie
962 2527 1205 2615 completorum.
1252 2527 1297 2592 Et

245 2627 424 2712 praedictus
439 2628 590 2694 dominus
605 2629 784 2716 episcopus,
801 2635 835 2694 et
858 2650 1056 2696 successores
1072 2630 1124 2695 sni
1139 2629 1298 2716 praedicta

246 2730 357 2796 omnia
380 2735 414 2795 et
444 2731 583 2817 singula,
607 2753 682 2798 cum
704 2731 909 2796 aisiamentis
932 2737 967 2796 et
988 2731 1197 2818 pertinentiis
1221 2731 1297 2808 suis,

245 2833 403 2918 praedicto
440 2834 598 2920 magistro
639 2832 796 2912 «Iohanni,
827 2834 1012 2899 haeredibus
1060 2839 1094 2898 et
1123 2833 1298 2919 assignatis

245 2923 321 3012 siris,
338 2940 451 3000 contra
473 2957 584 3001 omnes
599 2935 749 3002 homines
764 2935 1040 3012 warantizabunt‚
1055 2935 1297 3020 adquietabunt

246 3042 280 3102 ct
302 3037 487 3118 defendent,
511 3037 615 3123 usque
636 3038 680 3103 ad
710 3037 809 3104 finem
839 3037 975 3103 termini
997 3037 1186 3124 supradicti.
1232 3038 1296 3102 Pro

233 3139 411 3230 'praedictis
443 3161 521 3205 vero
558 3139 654 3206 terris
689 3144 723 3205 et
758 3139 833 3204 aliis
870 3139 1109 3226 suprascriptis,
1139 3139 1297 3226 praefatus

247 3240 270 3305 J
273 3241 425 3318 ohannes,
448 3240 595 3306 haeredes
617 3241 671 3306 vel
701 3241 861 3328 assignati
885 3243 946 3319 sui,
969 3240 1098 3306 solvent
1120 3241 1208 3307 dicto
1239 3242 1296 3306 do·

247 3342 336 3408 mino
367 3343 526 3430 episcope,
548 3348 583 3408 et
605 3343 842 3409 successoribus
876 3343 952 3420 suis,
975 3341 1113 3429 singulis
1136 3344 1231 3407 annis
1254 3343 1296 3408 ad

247 3445 368 3509 festum
391 3444 506 3511 Sancti
529 3445 667 3510 Martini
697 3446 734 3508 in
757 3445 896 3530 Hyeme,
920 3443 973 3508 vel
1003 3443 1090 3509 infra
1113 3465 1172 3507 sex
1195 3444 1297 3530 septi-

248 3568 361 3611 manas
376 3547 527 3632 proximo
542 3552 723 3633 sequentes,
739 3548 828 3632 apud
844 3545 1033 3622 Howeden’,
1049 3545 1092 3610 ad
1106 3545 1296 3631 manerium
1388 3619 1390 3624 ¹

247 3649 329 3714 dicti
364 3649 489 3714 domini
512 3648 665 3736 episcopi,
696 3670 800 3736 nsque
831 3648 874 3713 ad
905 3648 1006 3712 finem
1044 3645 1124 3710 dicti
1162 3646 1297 3711 termini

247 3749 392 3836 plenarie
414 3751 577 3838 completi,
601 3751 725 3838 viginti
748 3749 915 3836 quarteria
947 3748 1114 3826 frumenti,
1137 3751 1172 3812 et
1195 3748 1296 3834 qnod-

246 3853 378 3940 raginta
408 3855 575 3940 quarteria
607 3873 730 3932 avenae,
754 3853 878 3939 absque
901 3851 990 3916 omni
1024 3848 1135 3915 alieno
1166 3854 1296 3914 terreno

247 3956 382 4019 servitio
404 3955 562 4032 faciendo,
596 3959 630 4020 ct
661 3954 832 4020 exactione
864 3952 1023 4030 saeculari,
1047 3950 1101 4016 vel
1124 3951 1294 4016 demanda
1341 3981 1343 3984 ’

248 4055 377 4122 Primus
400 4056 535 4143 quidem
557 4057 717 4122 terminus
740 4055 913 4121 solutionis
943 4053 1101 4118 frumenti
1126 4056 1160 4116 et
1182 4072 1296 4118 avenae

246 4157 443 4243 hujusmodi,
467 4159 555 4224 dicto
578 4158 711 4224 domino
733 4159 884 4245 episcopo
906 4155 1072 4232 fouendus,
1094 4154 1231 4239 incipiet
1253 4153 1296 4218 eri

246 4258 367 4324 festum
391 4260 505 4327 Sancti
519 4261 657 4325 Martini
673 4261 710 4324 in
724 4260 852 4336 Hieme,
867 4279 955 4324 anno
971 4255 1106 4322 Domini
1122 4255 1296 4320 millesimo

246 4362 475 4429 trecentesimo
507 4362 761 4448 quintodecimo,
785 4373 820 4427 et
853 4361 898 4426 sic
921 4361 962 4426 de
992 4380 1079 4424 anno
1102 4357 1140 4421 in
1162 4378 1295 4436 annum,

247 4463 350 4528 donec
395 4485 551 4530 numerus
588 4485 748 4530 annorum
787 4463 1017 4550 praedictorum
1062 4458 1207 4546 plenarie
1252 4460 1296 4524 sit

247 4566 434 4657 completus.
495 4567 677 4633 Praediotus
712 4566 815 4632 etiam
848 4565 872 4630 J
874 4565 1028 4642 ohannes,
1061 4561 1207 4627 haeredes
1241 4561 1296 4624 vel

247 4667 406 4752 assignati
428 4669 488 4750 sui,
511 4669 672 4747 horreum,
694 4667 874 4746 bovarium,
899 4688 973 4734 cum
996 4663 1125 4729 stabulo
1156 4667 1189 4727 et
1223 4684 1297 4727 caso

246 4769 423 4854 praedictis,
446 4770 514 4836 suis
545 4771 667 4837 facient
699 4770 886 4858 sumptibus
918 4767 1116 4834 sufficienter
1139 4764 1297 4852 cooperiri

1062 4885 1082 4932 r
1098 4885 1119 4932 1>
1143 4870 1163 4930 2
