3562 5714
415 797 481 862 958
597 806 795 858 nnclsrsuu
817 803 1020 856 rmrmou
1042 803 1284 856 nuunrunrssu

265 1007 319 1053 ΑΒ·
327 1011 385 1055 1³¹8·
413 998 572 1086 placitum
595 1003 646 1065 est
669 999 705 1062 in
727 997 818 1063 cuna
839 1000 960 1075 nostra,
983 1016 1091 1062 coram
1114 994 1295 1060 baronibus
1310 992 1351 1058 de
1366 992 1637 1064 Sese-anseres

414 1101 500 1168 cario
533 1106 653 1183 nostro,
684 1100 773 1164 inter
805 1099 1000 1186 magistrum
1025 1097 1207 1163 Robcrtur'n
1238 1096 1278 1161 de
1312 1092 1459 1170 Baldok',

413 1225 585 1290 personam
607 1203 750 1270 coclesiae
772 1200 813 1266 de
837 1199 1018 1286 Quycm,
1050 1202 1248 1286 querentem,
1275 1201 1310 1263 ct
1339 1196 1458 1283 magis-

414 1311 504 1372 trum
542 1305 721 1373 Ricardum
759 1303 800 1369 de
838 1302 1000 1379 Leicestr',
1030 1323 1202 1389 personam
1236 1299 1380 1368 ecclesiae
1417 1301 1458 1366 de

416 1407 553 1494 Eydon',
591 1405 831 1484 defendentem,
868 1403 910 1469 de
954 1404 1015 1468 hoc
1052 1403 1140 1488 quod
1177 1402 1265 1468 idem
1302 1401 1459 1489 megister

417 1509 579 1576 Ricardus
616 1507 793 1595 praefatum
836 1505 1032 1592 magistrum
1070 1505 1252 1570 Robertum
1297 1503 1461 1590 acquietet

415 1631 530 1676 versus
552 1630 612 1676 nos
636 1609 677 1674 de
699 1631 731 1676 x.
741 1607 785 1688 lt,
808 1629 884 1694 quae
912 1606 1008 1673 nobis
1038 1605 1202 1671 debentur
1231 1604 1273 1670 de
1303 1605 1461 1693 predicta

414 1712 549 1778 ccclesia
582 1711 622 1776 de
654 1710 824 1791 Quicham
856 1711 896 1776 de
916 1708 1076 1775 subsidio
1107 1708 1296 1774 mediet-etis
1329 1707 1463 1772 domino

415 1813 587 1892 Edwardo,
610 1810 777 1898 quondum
798 1809 869 1897 regi
898 1810 1038 1898 Angites,
1061 1809 1150 1896 patri
1179 1813 1302 1890 nostre,
1325 1829 1346 1873 a
1375 1809 1461 1874 clero

414 1915 539 1981 dudum
561 1915 598 1978 in
620 1913 810 2000 episcopatu
832 1917 943 1979 vestro
960 1912 1118 1999 proedicto
1133 1932 1300 1990 oonoessae,
1318 1911 1358 1977 de
1380 1915 1463 1976 tem·

413 2039 491 2104 porc
518 2038 583 2103 quo
605 2016 694 2082 idem
715 2017 873 2103 magister
895 2015 1054 2082 Ricardus
1075 2014 1142 2080 brit
1164 2035 1302 2100 persone
1324 2014 1465 2081 eeclesiae

414 2117 579 2204 praedictae
613 2118 654 2183 de
686 2117 866 2198 Quichcm3
888 2124 922 2183 et
956 2139 1053 2203 super
1083 2117 1145 2182 hoc
1176 2116 1301 2182 hubent
1331 2116 1461 2180 diemo

347 2236 352 2248 “
415 2219 468 2285 die
500 2219 615 2286 Sancti
650 2219 819 2286 Michaelis
851 2219 889 2283 in
920 2240 975 2283 xv,
1011 2217 1081 2284 dies
1126 2216 1220 2283 vobis
1258 2218 1461 2300 mundamus,

416 2321 503 2408 quod
549 2321 744 2388 demandam
801 2343 901 2406 quem
946 2319 1056 2385 facitis
1101 2319 1258 2407 praedicto
1302 2319 1459 2407 magistro

416 2423 570 2502 Roberto,
608 2424 648 2489 de
680 2423 792 2489 debito
823 2421 1019 2508 supradicte,
1042 2422 1174 2509 ponetis
1210 2423 1248 2487 in
1281 2427 1461 2508 respectum

415 2545 517 2610 usque
540 2526 583 2592 ud
605 2525 692 2592 diem
722 2524 956 2612 supradictum.
1012 2523 1058 2590 Et
1087 2529 1300 2610 sequestrum,
1324 2523 1463 2610 siquod

415 2629 451 2693 in
473 2629 568 2694 bonis
591 2629 659 2694 suis
690 2626 916 2696 ecclesiasticis
957 2649 995 2694 ea
1028 2629 1193 2696 occasione
1225 2629 1345 2716 apponi
1380 2628 1462 2693 fece-

414 2730 498 2810 ritis,
531 2730 666 2796 interim
697 2729 837 2797 relaxari
866 2729 996 2796 faciatis
1027 2730 1140 2795 eidem.
1197 2729 1301 2810 Teste,
1336 2727 1388 2798 W.
1422 2729 1463 2794 de

417 2831 596 2918 Norwyoo,
628 2832 718 2919 apud
751 2829 1089 2911 westmonasterium,
1111 2831 1253 2898 seeundo
1286 2831 1339 2896 die
1371 2831 1462 2910 Julii,

415 2955 503 2998 enno
526 2934 619 3022 regni
649 2932 754 2999 nostri
792 2933 1004 3000 sexto—Per
1034 2937 1204 3000 tenentem
1235 2931 1343 3000 locum
1378 2931 1461 2999 The·

415 3056 563 3103 sauram.

246 3248 378 3314 rusum
415 3289 438 3342 B
562 3289 568 3300 .
642 3318 654 3330 Ι
731 3238 924 3320 Edwardus,
961 3239 1025 3306 Dei
1061 3241 1176 3328 gratis,
1214 3263 1273 3306 rex
1318 3239 1460 3327 Angliae,

246 3303 398 3456 ἥξω
415 3303 653 3407 nieddhfflddode
686 3341 837 3406 dominus
873 3340 1053 3419 Hiberniae,
1085 3346 1120 3407 et
1156 3341 1225 3407 dux
1262 3342 1461 3428 Aquitaniae,

356 3435 362 3448 ·
416 3423 570 3487 ΜΝ·
684 3443 867 3510 veneratur
889 3443 926 3506 tn
947 3443 1081 3508 curse>
1114 3443 1212 3529 patri,
1235 3443 1383 3526 niuno,
1408 3466 1460 3510 ea-

414 3545 489 3611 dem
511 3545 627 3633 grutia,
642 3547 792 3633 episeopo
814 3545 1038 3624 Dunolmensi,
1058 3545 1206 3611 sulutem.
1251 3545 1355 3612 Vobis
1370 3568 1462 3612 men-

419 3647 543 3727 damus,
581 3648 667 3714 sicut
708 3647 790 3714 elius
822 3646 915 3711 vobis
952 3645 1193 3729 mandavimus,
1225 3647 1314 3731 quod
1349 3649 1461 3713 venire

413 3747 542 3814 faciatis
564 3770 672 3814 coram
699 3747 891 3834 justiciariis
922 3749 1051 3828 nostris,
1084 3746 1173 3835 apud
1207 3747 1461 3816 Westmoneste-

413 3851 506 3929 rium,
524 3871 544 3916 a
566 3850 620 3915 die
644 3849 757 3917 Sancti
777 3847 948 3914 Michaelis
970 3849 1006 3913 in
1029 3872 1084 3915 xv.
1107 3850 1186 3933 dies,
1211 3849 1398 3918 Johannem
1421 3851 1461 3916 de

412 3952 581 4040 Horbyry,
605 3972 776 4040 personam
798 3949 940 4016 ecclesiae
963 3949 1004 4015 de
1028 3950 1199 4038 Horseley,
1215 3953 1367 4019 clericum
1389 3974 1460 4019 ves-

413 4057 511 4134 trum,
534 4055 576 4120 ad
598 4052 861 4141 respondendum
884 4050 1031 4118 Johanni
1054 4053 1094 4118 de
1126 4053 1313 4140 Pykcring’,
1336 4055 1460 4136 olericO,

408 4156 543 4242 juniori,
554 4157 594 4222 de
606 4155 735 4242 placito,
746 4155 834 4240 quod
848 4153 966 4219 reddat
980 4154 1011 4219 ei
1022 4154 1145 4241 viginti
1159 4157 1324 4241 quarteria
1338 4179 1461 4236 avenae,

412 4260 511 4345 pretii
522 4259 668 4344 quinque
683 4279 873 4336 marcarum,
889 4257 1005 4345 quaelei
1020 4257 1143 4341 injuste
1152 4258 1288 4342 detinet,
1304 4265 1343 4326 ut
1357 4261 1458 4337 dicit3

412 4365 447 4426 et
462 4361 551 4426 unde
570 4361 748 4427 vicecomes
778 4365 890 4425 noster
911 4359 945 4425 N
947 4358 1162 4426 orthumbriae
1186 4361 1265 4428 elius
1287 4362 1459 4430 mandavit

327 4479 332 4487 ’
410 4461 605 4546 justiciariis
626 4461 758 4539 nostris,
779 4460 868 4547 apud
891 4458 1228 4547 westmonasterium,
1252 4464 1340 4550 quod
1372 4485 1457 4553 prse-

412 4563 520 4628 dictus
559 4562 727 4629 Johannes
759 4562 894 4629 clericus
931 4568 991 4645 est,
1030 4569 1064 4628 et
1096 4585 1164 4630 non
1195 4564 1295 4631 habet
1337 4565 1457 4634 laicum

411 4665 543 4731 feodum
577 4663 614 4729 in
645 4665 769 4734 belliva
801 4687 869 4746 sua,
904 4665 962 4731 ubi
996 4670 1105 4752 potest
1138 4667 1344 4736 summoneri.
1411 4669 1457 4734 Et
