3452 5702
471 769 670 820 snsrsrumr
693 770 893 822 rsmruvmr
916 774 1156 826 nuurmrusr.
1277 761 1341 828 705

113 953 395 1017 suspectantes
419 959 453 1018 et
475 956 656 1042 assignasse
679 957 815 1022 dilectos
838 958 933 1022 nobis
949 959 984 1023 in
1007 961 1147 1038 Christo,
1170 962 1339 1026 domiuum
1370 981 1492 1028 sums

294 1053 479 1121 Robertum
503 1055 544 1120 de
567 1057 768 1143 Brompton’,
789 1058 948 1124 Thomam
972 1062 1013 1126 de
1043 1062 1283 1148 Fysshebourn'
1308 1068 1341 1128 et
1364 1048 1410 1142 ’,ρ

294 1155 497 1222 Willelmum
532 1158 571 1223 de
604 1158 746 1237 Denum,
770 1161 813 1225 ad
845 1162 1070 1248 recipiendum
1103 1165 1278 1250 petitiones
1309 1149 1423 1230 etune.

292 1257 439 1342 querelas
460 1271 730 1348 quorumcunque
754 1263 794 1327 de
817 1261 950 1328 ballivis
974 1271 1008 1329 et
1029 1265 1192 1332 ministris
1222 1266 1343 1332 nostris

290 1359 377 1425 infre
407 1360 542 1426 eandem
578 1361 768 1428 libertatem
800 1365 954 1451 conqueri
986 1367 1196 1454 volentium,¹
1212 1367 1340 1432 easdem

288 1461 488 1544 audiendum
503 1466 538 1526 et
553 1463 809 1544 terminandum,
825 1487 863 1530 ac
880 1467 1047 1551 justitiam
1063 1469 1199 1534 cuilibet
1221 1468 1341 1533 facien·

290 1563 377 1638 dum,
399 1562 540 1630 bellivos
563 1571 598 1629 et
619 1565 788 1631 ministros
810 1573 938 1634 nostros
961 1569 1180 1634 amovendum
1204 1591 1242 1634 ac
1257 1569 1339 1634 alios

290 1665 542 1750 subrogandum,
579 1667 620 1731 de
658 1667 755 1734 terris
793 1669 913 1734 nostris
958 1672 993 1735 in
1030 1671 1143 1736 eadem
1182 1669 1338 1734 libertate

253 1855 256 1862 Ι
291 1766 530 1852 disponendum
553 1773 587 1833 et
610 1769 838 1850 ordinandum,
854 1776 953 1857 prout
975 1773 1018 1836 ad
1041 1771 1246 1837 commodum
1263 1793 1338 1836 nos-

291 1875 379 1934 trum
406 1868 522 1934 melius
545 1869 690 1934 viderint
712 1873 875 1958 expedire,
898 1879 933 1937 et
954 1873 997 1938 ad
1020 1875 1130 1938 omnia
1152 1878 1187 1938 et
1209 1873 1340 1960 singule

291 1969 485 2060 faciendum,
519 1994 593 2057 quae
628 1973 664 2034 in
698 1974 876 2058 praemissis
913 1976 1096 2040 necessaris
1132 1975 1266 2052 fuerint,
1305 1977 1339 2038 et

291 2080 496 2160 opportuna3
531 2079 641 2137 ratum
668 2079 703 2138 et
733 2075 867 2138 firmum
899 2075 1045 2140 habituri
1068 2076 1224 2161 quicquid
1258 2075 1339 2140 dicti

291 2175 465 2252 Robertns,
488 2173 631 2240 Thomas
662 2181 697 2239 et
718 2174 912 2255 Willelmus,
946 2177 999 2240 vel
1031 2175 1095 2240 duo
1129 2197 1252 2254 eorum,
1282 2197 1341 2260 pro

290 2276 386 2340 nobis
408 2276 446 2338 in
479 2276 541 2340 hac
563 2282 657 2361 purte
680 2277 838 2340 duxerint
863 2276 1056 2343 faciendum.
1103 2275 1146 2340 In
1169 2277 1261 2362 cujus
1294 2277 1342 2340 rei

292 2377 520 2441 testimonium
537 2383 598 2442 etc.
644 2377 767 2442 Datum
791 2378 878 2464 apud
895 2377 1056 2455 Stokton’,
1079 2376 1136 2462 vj⁰.
1160 2378 1213 2443 die
1236 2377 1341 2455 Junii,

293 2501 381 2544 anno
418 2479 551 2543 Domini
587 2479 759 2544 millesimo
796 2477 874 2546 cco⁰.
913 2481 1166 2567 quintodecimo,
1196 2486 1230 2545 et
1267 2501 1341 2545 con-

293 2580 481 2647 secrationis
504 2586 624 2647 nostres
647 2581 771 2666 quinte.

297 2779 412 2846 [Lim
456 2780 551 2831 dm
633 2734 801 2811 Ricardus,
834 2741 894 2798 etc
928 2734 1068 2799 discreto
1099 2735 1178 2808 viro,
1209 2733 1341 2798 domino
1354 2747 1469 2790 mtrem

294 2846 394 2896 comino
433 2847 550 2912 Roger]0
584 2837 712 2922 Rogero
735 2836 775 2899 de
791 2835 1018 2922 Northburgh'
1041 2843 1099 2900 eto.
1146 2835 1342 2902 Deuotionis
1356 2797 1518 2899 libidine,

294 2913 416 2962 deuoret
433 2913 549 2978 bungr.
586 2937 835 3023 plenitudinem,
859 2958 958 3022 quam
990 2938 1093 3022 gratis
1125 2937 1277 3022 operibns
1299 2937 1341 3000 ad
1355 2897 1494 3048 ἓξὲξ.

294 3061 352 3104 nos
375 3041 549 3105 ostenditis
572 3062 632 3104 vos
655 3039 785 3114 hebere,
808 3060 875 3123 qua
897 3040 992 3104 decet
1013 3040 1247 3104 benevolentia
1276 3059 1343 3102 me·
1356 3046 1444 3138 31¹¹th
1452 3095 1478 3138 of

293 3143 420 3220 tientes,
459 3163 589 3207 omnem
634 3141 775 3226 gratiam
812 3161 911 3225 quam
957 3140 1124 3205 commode
1162 3141 1342 3226 poterimus
1357 3145 1425 3190 rore

294 3243 411 3309 libenti
427 3244 522 3309 vobis
545 3245 655 3309 animo
677 3241 856 3308 faciemus:
879 3241 967 3306 unde
991 3242 1079 3327 quod
1102 3241 1228 3327 aliquis,
1247 3263 1344 3325 quem

294 3347 337 3411 ad
359 3347 393 3410 id
410 3346 571 3411 duxeritis
587 3345 824 3430 deputandum,
840 3344 880 3408 de
903 3343 1065 3409 fructibus
1082 3348 1117 3407 et
1132 3340 1346 3426 proventibus

295 3448 435 3513 ecclesias
459 3448 499 3512 de
522 3445 628 3524 Ford’,
646 3446 739 3530 quasi
755 3445 817 3510 sub
840 3445 973 3508 nomine
990 3443 1152 3528 sequestri
1174 3443 1288 3520 nostri,
1304 3443 1347 3508 ad

294 3549 474 3614 utilitatem
507 3554 650 3613 vestram
683 3548 812 3612 ordinet
842 3552 877 3610 et
898 3547 1060 3631 disponat,
1084 3543 1243 3629 quamdiu
1277 3543 1346 3608 sine

295 3652 438 3736 periculo
460 3652 624 3716 sustinere
657 3650 846 3736 poterimus,
879 3648 1037 3712 benevole
1075 3645 1246 3731 patiemur.
1293 3645 1346 3710 Ne

294 3759 407 3816 tumen
440 3775 482 3817 ex
514 3757 612 3818 tento
650 3773 741 3816 mora
771 3751 866 3815 nobis
900 3755 934 3814 et
966 3749 1060 3813 vobis
1094 3749 1250 3814 damnum
1287 3770 1345 3812 seu

296 3853 521 3939 praejudicium
553 3853 723 3918 imminere
761 3852 880 3931 valeat,
915 3851 979 3916 viis
1012 3858 1046 3916 et
1079 3851 1186 3914 modis
1225 3849 1346 3931 quibus

297 3955 458 4041 poteritis,
489 3955 599 4019 velitis
634 3955 793 4039 sagaciter
824 3975 996 4030 occurrere,
1027 3958 1061 4016 et
1095 3949 1231 4036 provide
1264 3969 1346 4032 prae-

296 4077 421 4122 cavere.
466 4057 555 4121 Bene
578 4062 612 4121 et
627 4057 684 4120 diu
708 4057 743 4119 in
758 4055 900 4120 Domino
916 4054 1064 4118 valeatis.
1110 4051 1235 4114 Datum
1258 4049 1347 4134 apud

299 4157 463 4232 Stokton',
484 4155 541 4241 vj⁰.
566 4157 619 4222 die
652 4157 757 4236 Junii,
792 4176 887 4232 anno,
925 4159 987 4218 etc.
1022 4149 1276 4236 quintodecimo
1313 4155 1347 4212 et

297 4259 549 4326 consecrationis
571 4265 693 4324 nostroe
716 4257 841 4343 quinto.

219 4449 223 4460 v
299 4455 438 4520 [omnmo
452 4455 553 4504 vicariae
632 4409 801 4486 Ricardus,
830 4405 1045 4493 permissione
1075 4401 1199 4478 divina,
1221 4401 1348 4467 Dunol-
1361 4421 1509 4515 popu-annor

297 4523 328 4571 de
343 4521 513 4586 [w]0uoure.
587 4512 709 4576 mensis
743 4509 922 4596 episcopus,
955 4506 1075 4570 dilecto
1106 4503 1182 4582 filio,
1215 4504 1348 4570 domino
1361 4482 1493 4614 phzipssw

296 4618 430 4684 Thomae
466 4619 617 4702 Harpyn,
642 4612 816 4697 capellano,
852 4610 999 4686 sulutem,
1023 4607 1161 4692 gratiam
1187 4612 1221 4671 et
1250 4607 1348 4670 bene·
1362 4581 1519 4664 orvoiiiu'ii.

389 4736 464 4784 VOL.
491 4735 525 4782 ll.
1194 4725 1213 4772 C
