3564 5744
365 720 452 785 1146
546 731 745 782 nuorsrnou
768 726 969 777 murmuri
991 721 1234 775 nurummsu

210 931 267 978 ΑΔ).
275 935 332 977 1³11.
364 920 529 1002 videlicet,
553 919 597 984 sd
631 919 717 984 feste.
747 916 956 984 Pentecostes
990 917 1025 978 et
1056 911 1174 978 Sancti
1204 909 1343 976 Martini
1376 907 1593 975 insultum

365 1021 492 1100 Hieme,
515 1044 576 1109 per
597 1019 741 1106 aequsles
763 1017 937 1104 portiones,
958 1014 996 1080 in
1017 1019 1233 1101 perpetuum3
1267 1019 1302 1078 et
1325 1011 1414 1096 quod

365 1123 465 1190 liceat
509 1122 678 1210 praedictis
722 1120 880 1207 magistro
925 1122 960 1183 et
1004 1117 1165 1182 frutribus
1210 1119 1245 1181 et
1289 1134 1414 1180 succes-

365 1225 493 1291 soribus
530 1226 606 1304 suis,
629 1225 667 1288 in
697 1221 889 1308 messuagio,
919 1225 1017 1296 terre,
1040 1224 1075 1284 et
1103 1217 1250 1283 manerio
1279 1215 1416 1303 pmdic-

365 1327 419 1405 tis,
442 1326 648 1413 distringere,
680 1324 723 1390 ed
755 1342 1023 1408 quorumcunque
1060 1341 1178 1385 munus
1209 1319 1415 1395 devenerint,

364 1429 644 1514 quotienscunque
667 1427 775 1492 dictus
805 1424 962 1502 redditus,
985 1424 1039 1488 vel
1068 1444 1144 1510 pers
1174 1423 1329 1508 ejusdem,
1352 1420 1417 1486 sibi

363 1551 386 1595 e
406 1535 495 1596 retro
517 1530 636 1595 fuerit:
677 1532 712 1594 et
734 1527 856 1592 eisdem
886 1527 1044 1614 magistro
1075 1529 1109 1590 et
1138 1524 1306 1602 fratribus,
1329 1523 1417 1609 quod

365 1632 429 1719 ipsi
451 1631 645 1718 praedictum
680 1629 856 1708 redditum,
879 1650 954 1694 cum
983 1627 1245 1715 pertinentiis,e
1278 1625 1417 1712 praefeto

367 1733 513 1799 Roberto
552 1738 587 1798 et
623 1730 810 1798 haeredibus
847 1731 926 1813 suis,
966 1731 1008 1795 de
1044 1729 1240 1816 messuagio,
1262 1733 1360 1806 terro,
1383 1732 1419 1792 et

367 1835 521 1915 manerio,
544 1834 720 1922 praedictis,
743 1832 887 1919 recipere
920 1831 1057 1919 possint,
1081 1835 1116 1896 et
1146 1835 1267 1909 tenere,
1289 1829 1354 1894 sibi
1383 1834 1419 1894 et

366 1936 604 2004 successoribus
627 1935 704 2012 suis,
727 1935 768 2000 de
790 1933 886 1999 nobis
908 1938 943 1999 et
965 1932 1204 2000 successoribus
1225 1932 1355 2010 nostris,
1377 1935 1419 1996 ut

367 2037 563 2124 praedictum
593 2043 652 2118 est,
675 2035 828 2100 similiter
856 2035 1025 2101 licentiam
1047 2035 1199 2099 dedimus
1225 2034 1419 2120 specialem

367 2137 517 2204 nolentes
531 2139 620 2224 quod
634 2137 767 2224 praeisti
781 2137 938 2223 magister
953 2141 987 2202 et
1008 2136 1137 2214 fratres,
1153 2136 1208 2200 vel
1222 2156 1420 2201 successores

368 2240 428 2318 sui,
451 2246 511 2305 aut
540 2240 718 2326 praedictus
747 2237 922 2316 Robertus,
951 2238 1006 2304 vel
1031 2237 1177 2304 haeredoe
1207 2237 1268 2316 sui,
1291 2237 1420 2303 ratione

369 2342 620 2430 praemissorum,
637 2363 768 2428 pernes
782 2341 837 2406 vel
851 2361 1049 2406 successores
1063 2345 1191 2406 nostros
1209 2339 1421 2424 justiciarius,

370 2448 557 2524 esceetores,
580 2442 796 2521 vicecomites,
819 2446 879 2507 out
899 2441 981 2509 ulios
1003 2441 1142 2508 bellivos
1164 2462 1224 2506 seu
1252 2440 1421 2506 ministros

371 2549 501 2611 nostros
523 2565 741 2631 quoscunque,
764 2542 842 2608 inde
866 2543 1123 2620 ooocsionentur,
1148 2543 1365 2630 molestentur
1387 2541 1422 2607 in

370 2647 491 2733 aliquo,
515 2668 573 2712 seu
595 2651 797 2732 graventur:
828 2643 964 2710 Stututo
987 2646 1028 2711 de
1050 2645 1148 2710 terris
1170 2650 1205 2710 et
1227 2644 1422 2710 tenementis

370 2750 414 2815 sd
436 2769 571 2814 menum
594 2754 758 2814 mortuom
781 2768 849 2812 non
870 2746 1030 2833 ponendis
1052 2747 1141 2812 edito
1163 2767 1231 2811 non
1261 2746 1422 2811 obstante.

252 2894 257 2905 ·
303 2893 308 2905 ·
372 2850 415 2915 In
437 2849 531 2934 cujus
553 2850 601 2914 rei
623 2848 858 2927 testimonium,
874 2847 1020 2936 sigillum
1034 2853 1184 2915 nostrum
1206 2848 1422 2936 praesentibus

371 2950 528 3017 duximus
543 2949 781 3036 opponendum.
828 2949 955 3015 Datum
969 2950 1059 3038 opud
1074 2951 1285 3028 Middelhom,
1300 2947 1421 3035 xxiiij0.

373 3053 426 3118 die
448 3051 648 3129 Decembris,
670 3072 757 3116 enno
780 3051 917 3116 Domini
947 3053 1120 3118 millesimo
1143 3049 1218 3120 eco⁰.
1241 3052 1422 3130 undecimo,

373 3159 408 3221 et
430 3153 642 3241 pontificatus
664 3153 770 3238 nostri
795 3153 908 3239 primo.

204 3337 344 3445 cffiffi·
375 3389 560 3442 cinadomini
572 3392 637 3442 Adae
717 3349 844 3416 Christi
867 3347 1021 3414 fidelibus
1050 3347 1215 3414 universis
1245 3352 1425 3434 proesentes

205 3451 316 3550 3231,ssss
376 3459 407 3508 de
416 3459 524 3536 ,Benton
535 3460 566 3509 de
578 3473 638 3508 ean·
670 3451 783 3516 literae
806 3450 1011 3536 inspecturis,
1028 3449 1196 3530 Ricordus,
1212 3452 1425 3538 permissione

206 3551 364 3645 mam,
376 3528 448 3574 ω’·
670 3551 794 3633 divine,
826 3552 1059 3619 Dunolmensis
1083 3552 1261 3638 episcopus,
1284 3552 1425 3618 salutem

205 3650 411 3744 ffelssggitlfflin
449 3653 599 3720 Domino.
661 3652 803 3718 Noverit
840 3653 1041 3719 universitas
1078 3660 1198 3733 vestro,
1231 3656 1320 3740 quod
1350 3675 1426 3721 cum

206 3751 355 3844 &¹¹ngst
374 3755 600 3820 screnissimus
622 3755 772 3840 princeps
794 3760 828 3819 et
851 3753 1004 3820 dominus
1033 3761 1152 3834 noster,
1177 3757 1329 3822 dominus
1359 3757 1426 3821 Ed-

203 3850 304 3946 {ssffl
313 3851 342 3896 ⁰¹⁰
375 3857 515 3936 umidus
531 3857 594 3921 Dei
617 3857 733 3942 gratie,
756 3879 816 3921 rex
830 3856 961 3942 Angliee
976 3856 1122 3936 illustris,
1136 3858 1269 3924 domino
1285 3859 1369 3924 Adae
1384 3859 1426 3924 de

376 3958 513 4024 Benton'
545 3958 712 4022 licentiam
735 3958 863 4023 dederit
885 3957 987 4023 dendi
1010 3961 1044 4024 et
1066 3959 1257 4046 assignandi
1291 3964 1424 4026 centum

374 4059 530 4125 solidatas
567 4059 671 4124 annui
704 4060 852 4124 redditus
886 4059 1017 4127 cuidem
1039 4061 1205 4148 oepellsno
1227 4063 1264 4126 in
1287 4062 1421 4128 ecclesis

372 4162 488 4227 Sancti
509 4160 651 4227 Andreae
674 4162 714 4227 de
738 4161 886 4240 Benton',
906 4161 1021 4228 divine
1042 4163 1179 4251 singulis
1202 4166 1317 4230 diebus
1339 4166 1420 4231 cele-

374 4263 495 4342 branti,
518 4263 670 4349 idemque
693 4263 845 4328 dominus
868 4262 977 4328 Adam
1007 4285 1156 4330 annuum
1185 4267 1351 4333 redditum
1380 4271 1421 4336 de

375 4366 472 4433 certis
502 4365 598 4430 terris
622 4371 656 4430 et
679 4365 876 4430 tenementis
909 4365 946 4430 in
977 4365 1058 4430 ville
1081 4367 1172 4432 Novi
1196 4369 1304 4434 Casiri
1326 4372 1423 4437 certis

374 4466 525 4532 terminis
548 4467 710 4545 statuerit,
726 4467 940 4547 ordinaverit,
957 4471 991 4532 et
1013 4468 1240 4555 assignaverit,
1256 4474 1423 4559 percipeu-

376 4567 456 4631 dum
479 4573 514 4633 et
527 4569 713 4645 levandum,
729 4575 828 4654 prout
850 4569 886 4632 in
909 4569 1007 4636 contis
1029 4571 1176 4658 ipsorum
1199 4575 1327 4659 plenius
1350 4599 1426 4642 con-

381 4668 534 4748 tinetur;
564 4691 624 4734 nos
658 4671 810 4756 operibus
833 4671 976 4757 pietatis,
1006 4695 1065 4760 per
1095 4697 1168 4760 quae
1192 4677 1298 4741 divini
1319 4679 1427 4745 cultus
