3362 5720
476 823 563 889 1290
657 805 855 884 cucurrero
877 829 1076 883 rmrmnu
1097 831 1345 883 cusnmssu

325 1028 445 1076 nuncu.
474 1017 515 1084 de
537 1014 764 1102 Trikinghcm,
787 1015 943 1102 magister
966 1013 1152 1099 Hospitalis
1174 1013 1216 1079 de
1248 1013 1418 1080 Shirbum’
1438 1015 1599 1082 fcitum

474 1116 653 1196 nobiscum,
668 1116 893 1196 concessimus,
909 1121 943 1180 et
956 1115 1125 1182 licentiam
1142 1114 1339 1204 [dedimus]
1355 1136 1411 1201 pro
1423 1117 1503 1181 nobis

476 1223 510 1284 ct
532 1217 767 1283 successoribus
781 1217 912 1294 nostris,
933 1216 1148 1302 quantumin
1161 1216 1261 1282 nobis
1277 1221 1337 1292 est,
1360 1215 1503 1282 Willelno

475 1319 544 1384 filio
559 1317 716 1384 willelmi
730 1317 772 1384 de
787 1316 939 1404 Bmdley,
961 1317 1050 1403 quod
1071 1317 1140 1402 ipse
1164 1337 1271 1381 unum
1295 1317 1503 1402 messuagiun,

474 1425 510 1484 ct
521 1425 625 1484 totum
636 1424 758 1484 tcnnm
770 1439 863 1483 suum
873 1417 1039 1502 jacentem
1053 1417 1090 1496 in
1105 1417 1356 1484 Eckockeslndc
1366 1417 1504 1504 inocnpo

476 1519 518 1582 dc
541 1519 695 1598 Eboestr’,
711 1539 812 1604 qucm
835 1518 983 1605 Roget-us
1005 1517 1047 1584 de
1070 1517 1221 1584 Kellnwe
1237 1519 1281 1584 de
1305 1540 1344 1584 eo
1359 1520 1503 1602 quondan

477 1620 596 1699 tenuit,
619 1618 698 1685 dere
720 1620 832 1706 possit,
855 1623 890 1684 et
911 1619 1086 1706 assignare,
1108 1619 1249 1706 praefato
1285 1618 1455 1684 Lamberto
1472 1619 1505 1684 de

475 1720 701 1806 Trikingm
723 1720 881 1806 magistro
902 1719 1075 1806 hospitalis
1086 1720 1257 1805 praedicem
1280 1719 1461 1785 habendum
1479 1726 1505 1784 et

475 1821 651 1886 tenendum
675 1820 782 1886 eidem
798 1819 973 1885 humberto
995 1825 1030 1885 et
1050 1821 1289 1886 successoribus
1313 1821 1382 1885 suis
1395 1819 1428 1884 in
1447 1842 1506 1907 per·

476 1926 634 2008 potuum3
658 1927 693 1986 et
724 1920 831 1986 eidem
846 1919 1029 1998 Lomberto,
1052 1921 1209 2006 magistro
1244 1920 1418 2007 hospitalis
1438 1943 1505 2006 prae-

476 2021 566 2099 dieti,
578 2020 663 2108 quod
675 2021 745 2107 ipse
756 2021 882 2087 dictum
897 2021 1124 2108 messuagium,
1135 2028 1170 2086 et
1185 2021 1382 2107 praedintcm
1396 2027 1505 2098 terren,

476 2146 497 2188 a
519 2121 657 2208 praefcto
679 2120 844 2186 Willelmo
866 2121 1007 2207 recipere
1038 2122 1149 2207 possit,
1187 2128 1222 2187 ct
1252 2129 1376 2212 tenere,
1398 2120 1456 2186 sibi
1480 2125 1507 2184 et

476 2222 711 2288 successoribus
745 2221 813 2287 suis
834 2221 871 2286 in
902 2227 1106 2308 perpetuum,
1127 2221 1214 2287 siout
1247 2221 1440 2308 praedictum
1459 2227 1506 2296 est

360 2347 362 2352 ·
477 2329 590 2389 tenore
604 2323 824 2408 praesentium,
835 2321 987 2388 similiter
996 2322 1164 2388 licentiam
1175 2322 1328 2388 dedimus
1342 2321 1507 2408 specialem
1604 2345 1607 2358 ⁴

478 2425 626 2489 nolentes
659 2423 747 2509 quod
780 2423 958 2509 praediotus
990 2422 1184 2502 Willelmus,
1205 2423 1260 2488 vel
1294 2423 1438 2489 haeredes
1457 2422 1505 2501 sui,

477 2546 535 2591 seu
558 2524 715 2611 praefatus
739 2523 934 2588 Lcmbcrtus
956 2523 997 2588 de
1019 2523 1247 2610 Triktnghnm,
1271 2525 1429 2610 magister
1446 2522 1508 2585 hos

481 2625 595 2711 pitulis
625 2624 784 2712 praedicti,
817 2629 878 2690 eut
919 2644 1117 2690 successores
1140 2625 1200 2702 sui,
1233 2627 1366 2692 ratione
1399 2623 1507 2689 Stetuti

477 2724 636 2812 praedicti,
658 2746 716 2811 per
741 2745 800 2790 nos
834 2729 869 2789 et
901 2745 1099 2790 successores
1129 2733 1258 2792 nostros
1286 2725 1368 2790 indo
1388 2723 1507 2790 occasio

477 2833 600 2893 nentur
621 2826 658 2890 in
679 2825 799 2911 aliquo,
815 2847 871 2890 seu
895 2830 1083 2910 graventur.
1134 2825 1242 2892 Salvis
1264 2833 1381 2893 tcmen
1402 2823 1507 2910 capitu·

478 2927 566 2990 libus
589 2926 730 2990 dominis
752 2924 839 2990 feodi
855 2925 953 3002 illius,
975 2925 1120 2992 servitiis
1141 2927 1221 2993 inde
1243 2928 1367 2993 debitis
1388 2931 1421 2991 et
1447 2945 1508 2990 con-

484 3026 593 3093 suetis.
657 3025 700 3090 In
725 3025 820 3112 cujus
853 3026 900 3092 rei
935 3026 1170 3105 testimonium,
1194 3025 1342 3115 sigillum
1377 3033 1508 3092 nostrum

478 3124 694 3214 presentibus
743 3125 899 3190 duximus
947 3127 1185 3212 opponendum.
1258 3127 1387 3194 Datum
1433 3124 1509 3211 apud

479 3227 641 3308 Stekton',
657 3222 716 3311 xj⁰.
739 3226 793 3291 die
816 3226 936 3292 mensis
959 3226 1120 3306 Octobris,
1135 3249 1221 3294 enno
1245 3229 1384 3294 Domini
1397 3223 1507 3293 st⁰ccc⁰.

479 3327 557 3408 xv⁰.,
581 3334 616 3394 et
637 3327 888 3394 mmecmuonis
908 3333 1031 3394 nostrae
1052 3329 1196 3414 quinto·

686 3560 692 3572 ·
791 3524 964 3593 Universis
1002 3527 1127 3594 Christi
1160 3529 1322 3609 fidelibus,
1349 3533 1510 3617 proescntes

313 3611 346 3692 0⁰
362 3611 378 3642 ¹¹
483 3627 659 3693 (?)<101³05¹·
744 3627 858 3694 literas
888 3625 1093 3714 inspecturis,
1117 3629 1286 3710 sicardus,
1315 3631 1510 3718 permissione

480 3726 605 3806 divina,
642 3726 876 3793 Dunolmensis
918 3729 1098 3815 episcopus,
1119 3731 1260 3796 sulutem
1297 3734 1334 3798 in
1372 3730 1509 3798 Domino.

481 3826 650 3892 Noveritis
671 3849 739 3908 nos,
756 3831 918 3914 quartum
942 3829 978 3894 in
1000 3829 1094 3895 nobis
1117 3837 1174 3907 est,
1197 3853 1257 3917 pro
1280 3833 1377 3900 nobis
1398 3837 1432 3898 ct
1451 3849 1512 3896 suc·

480 3927 644 3994 cesoribus
660 3927 820 4015 [nostris],
835 3929 1029 3995 concessisse
1051 3930 1075 3995 J
1076 3929 1198 3996 ohanni
1217 3932 1311 4018 chs
1340 3935 1383 4000 de
1406 3933 1511 3996 Hesse-

479 4029 573 4106 well',
606 4029 694 4114 quod
730 4029 801 4115 ipse
835 4035 868 4096 et
898 4029 1047 4096 haedos
1079 4032 1132 4096 sni
1154 4032 1358 4101 habeantet
1380 4037 1512 4107 teneant,

480 4129 544 4195 sibi
575 4135 609 4194 et
641 4129 829 4196 haeredibus
860 4131 936 4210 suis,
974 4153 1086 4197 omnes
1109 4139 1222 4212 terras,
1245 4141 1279 4200 et
1302 4136 1412 4201 omnic
1433 4139 1512 4199 tene

481 4236 601 4308 mente,
624 4251 699 4296 cum
721 4231 788 4296 suis
826 4233 1044 4318 pertinentiis,
1065 4234 1102 4298 in
1132 4234 1329 4316 Hesscwell',
1351 4238 1450 4303 libere
1484 4235 1513 4294 et

482 4333 601 4418 quiete,
631 4333 755 4418 absque
791 4334 882 4398 omni
918 4333 1054 4400 redditu
1090 4335 1186 4402 nobis
1210 4339 1263 4404 vel
1289 4337 1512 4405 successoribtu

481 4433 601 4498 nostris
634 4434 816 4516 reddend03
843 4456 916 4521 quae
938 4435 1058 4502 habuit
1079 4437 1120 4502 de
1155 4440 1239 4504 douo
1261 4451 1295 4506 et
1318 4440 1513 4507 feoffcmento

481 4534 639 4610 Willelmi
665 4535 706 4600 de
729 4536 928 4616 Hessewell',
950 4537 991 4602 de
1022 4537 1244 4619 Edleshevcd’‚
1266 4543 1307 4607 de
1329 4541 1512 4630 capitalibus

483 4634 625 4700 dominis
646 4636 736 4703 feodi
757 4637 855 4717 illius,
879 4660 937 4724 per
967 4639 1104 4706 servitiu
1137 4663 1211 4726 quae
1243 4643 1283 4708 ad
1317 4645 1405 4710 dicta
1433 4648 1513 4706 tenc·
