3562 5710
336 901 338 906 ,
434 830 521 892 1018
615 845 813 897 ansrsrsun
836 845 1038 898 summurn
1061 846 1302 899 nuumunnsn.

280 1039 336 1084 w·
345 1043 401 1086 1³1⁴
431 1037 552 1098 nostras
574 1033 682 1120 regim,
706 1033 845 1120 singulis
867 1035 928 1100 sub
952 1034 1099 1100 dominio
1130 1039 1164 1100 et
1184 1039 1348 1121 potestate
1369 1039 1658 1102 nostr-amam

431 1131 628 1219 degentibus
670 1155 783 1199 sumus
816 1135 853 1199 in
889 1135 1095 1200 exhibitione
1128 1135 1271 1221 justitiae
1308 1135 1480 1213 debitores,

431 1234 579 1300 volentes
603 1236 740 1321 praefato
760 1235 875 1304 clerico
901 1241 1028 1308 nostro¹
1047 1235 1084 1299 in
1105 1235 1167 1301 hac
1182 1241 1275 1322 parte
1297 1235 1480 1313 subvenire,

433 1336 526 1400 vobis
541 1337 743 1414 mandamus,
758 1337 853 1421 quod,
870 1338 987 1403 audita
1009 1357 1107 1423 super
1120 1337 1182 1402 hoc
1205 1337 1350 1422 ejusdem
1373 1337 1481 1405 clerici

431 1437 536 1502 nostri
558 1437 699 1522 querela,
722 1437 827 1503 eidem
851 1439 886 1501 in
918 1438 1093 1523 praemissis
1124 1437 1197 1502 fieri
1231 1437 1361 1504 faciatis
1390 1438 1482 1503 dabi-

433 1543 505 1602 tum
536 1543 571 1603 et
607 1538 765 1603 festinum
801 1538 945 1623 justitia
986 1539 1269 1626 complementum,
1303 1541 1483 1606 secundum

431 1639 536 1724 legem
582 1644 615 1704 et
650 1641 919 1706 consuetudinem
954 1642 1100 1727 partium
1140 1641 1340 1720 earundem;
1379 1647 1413 1707 et
1447 1643 1483 1705 in

433 1742 585 1808 libertate
608 1748 718 1807 vestm
739 1743 907 1829 praedicta,
940 1744 976 1806 in
998 1744 1078 1809 locis
1104 1743 1225 1828 quibus
1251 1743 1404 1809 videritis
1427 1768 1483 1809 ex-

433 1843 552 1929 pedire,
575 1844 705 1930 publice
728 1843 921 1929 proclamari
948 1850 982 1909 et
1008 1845 1154 1911 strictius
1177 1844 1321 1910 inhiberi
1346 1845 1481 1925 faciatis,

431 1977 472 2020 ne
496 1957 562 2042 qui,
586 1957 647 2021 sub
661 1958 756 2044 gravi
778 1957 993 2037 forisfactura,
1007 1958 1134 2044 aliquid
1156 1960 1191 2022 vi
1213 1965 1341 2024 armata
1363 1960 1400 2023 in
1421 1960 1482 2025 hac

431 2062 523 2142 parte
553 2063 729 2134 attentent,
751 2058 805 2122 vel
831 2060 990 2123 attentari
1013 2065 1194 2145 procurent,
1218 2082 1276 2146 per
1306 2061 1393 2146 quod
1416 2083 1482 2146 pax

432 2165 545 2224 nostra
583 2160 777 2246 perturbari,
810 2181 868 2224 sau
902 2160 1042 2247 populus
1073 2167 1184 2226 noster
1217 2163 1341 2240 terreri,
1372 2161 1482 2226 vaieat

430 2265 561 2346 quoquo
591 2261 694 2327 modo.
751 2261 848 2326 Teste
885 2261 1017 2347 meipso,
1052 2263 1141 2348 apud
1173 2263 1366 2339 Eboracum,
1398 2262 1479 2348 xvj⁰‚

430 2360 484 2426 die
506 2362 659 2448 Augusti,
681 2382 769 2428 anno
791 2363 884 2448 regni
905 2363 1011 2428 nostri
1034 2369 1157 2429 octavo

431 2613 693 2730 saansaan
726 2562 1480 2748 sititet,uastitatis:

432 2745 542 2814 uasa.
727 2765 909 2833 veneratu
949 2765 986 2829 in
1030 2765 1161 2831 casso
1195 2765 1291 2851 patri,
1334 2764 1480 2841 morso,

432 2865 545 2930 eadem
583 2867 700 2951 gratia,
741 2866 958 2932 Dunolmerisi
992 2867 1151 2953 episcopo,
1189 2867 1335 2932 salutem.
1395 2866 1481 2947 Quia

430 2964 573 3031 Jacobus
596 2966 636 3032 de
652 2967 857 3054 Tsnkcrleya
879 2968 1013 3036 clericus
1028 2974 1087 3046 est,
1102 2973 1137 3040 et
1158 2989 1225 3032 non
1247 2967 1347 3032 habet
1361 2967 1480 3034 laicum

316 3060 322 3074 '
431 3067 571 3146 feodum,
606 3090 665 3154 per
704 3070 791 3152 quod
825 3069 980 3156 distringi
1010 3075 1128 3156 potest,
1167 3075 1266 3156 prout
1304 3069 1481 3136 vicecomes

430 3172 542 3234 noster
558 3170 734 3235 comitatus
751 3170 965 3237 Eboracensis
980 3170 1165 3236 retornavit
1178 3191 1288 3237 eoram
1303 3171 1480 3236 baronibus

430 3271 471 3336 de
497 3269 667 3338 Scaccario
689 3279 811 3350 nostro,
835 3273 871 3336 in
895 3273 1037 3339 crastino
1062 3271 1177 3338 Sancti
1206 3270 1371 3337 Johannis
1394 3271 1479 3358 Bar»

428 3372 519 3438 tistaa
534 3374 686 3460 proximo
709 3374 889 3460 praeterite,
914 3373 1008 3438 vobis
1036 3372 1238 3450 mandamus,
1261 3374 1350 3459 quod
1371 3373 1479 3459 ipsum

430 3475 636 3561 distmngatis
668 3496 727 3559 per
758 3474 917 3541 beneficia
948 3496 1008 3539 sua
1032 3473 1257 3554 ecelesiastica,
1284 3495 1357 3558 quae
1379 3473 1480 3540 habet

428 3576 464 3640 in
488 3576 620 3643 dioecesi
643 3581 762 3654 vestra,
777 3576 827 3641 ita
850 3575 994 3660 quodsit
1008 3595 1116 3641 coram
1141 3575 1288 3661 praefatis
1303 3575 1480 3640 baronibus

391 3684 394 3692 '
427 3678 549 3742 nostris
586 3678 675 3764 apud
722 3676 1060 3754 westmonasterium,
1092 3676 1128 3740 in
1178 3676 1320 3742 crastino
1365 3674 1479 3742 Sancti

429 3777 610 3858 Michaelis,
646 3778 690 3843 ad
728 3778 992 3864 respondendum
1025 3777 1145 3843 dilecto
1179 3781 1213 3841 et
1243 3776 1334 3841 fideli
1365 3783 1480 3844 nostro

428 3878 574 3944 Johanni
597 3879 638 3944 da
661 3879 900 3966 Merkingield'‚
916 3900 1021 3965 nuper
1043 3877 1234 3944 cancellario
1255 3878 1296 3942 de
1312 3877 1480 3945 Scacosrio

428 3981 593 4067 pmdieto,
637 3985 671 4046 at
731 3981 959 4048 executoribus
1006 3980 1198 4046 testamenti
1237 3978 1394 4044 Willelmi
1438 3981 1479 4046 dc

431 4082 637 4160 Hameldon',
652 4082 809 4164 defuncti,
824 4083 866 4147 de
881 4083 924 4148 lx.
935 4081 971 4148 u.
988 4103 1069 4166 quas
1091 4080 1190 4146 debet
1205 4081 1293 4147 dicto
1316 4080 1479 4162 defuncto,

430 4189 470 4249 ut
500 4183 586 4248 idem
614 4189 767 4250 executor
789 4183 878 4261 dicit,
912 4183 997 4248 sicut
1024 4181 1264 4247 rationabiliter
1296 4188 1480 4254 monstraro

399 4289 401 4296 ’
430 4287 552 4372 poterit
566 4287 654 4371 quod
676 4287 753 4350 inde
773 4285 967 4372 respondere
989 4285 1114 4349 debeat.
1163 4285 1208 4348 Et
1229 4283 1408 4350 remittatis
1431 4284 1479 4350 ibi

428 4393 509 4454 tunc
534 4387 594 4454 hoc
626 4387 733 4452 breve.
781 4387 885 4464 Teste,
909 4386 958 4450 W.
984 4386 1024 4450 dc
1048 4385 1210 4462 Neruios,
1241 4386 1331 4471 apud
1371 4385 1478 4450 West-

429 4490 672 4566 monasterium,
696 4487 782 4573 xiijo.
806 4489 859 4552 die
882 4487 974 4564 Julii,
999 4507 1085 4551 anno
1109 4486 1201 4572 regni
1224 4485 1328 4550 nostri
1354 4493 1477 4552 octavo.

430 4589 537 4654 —Per
559 4591 658 4656 breve
674 4591 715 4655 de
730 4589 861 4678 privato
878 4587 992 4678 sigilla,
1009 4587 1096 4653 inter
1116 4587 1313 4653 Communia
1328 4588 1369 4652 dc
1391 4610 1479 4652 armo

427 4696 556 4774 alnaria.
1315 4701 1318 4706 '
