3566 5712
480 843 680 895 nnonraou
702 841 905 896 rrmmruu
928 845 1167 898 unsaramma
1281 830 1345 901 979
1473 891 1476 896 .

126 1039 173 1086 an.
181 1039 257 1094 apae.
265 1042 285 1090 ³·
297 1035 395 1117 portu
433 1031 474 1118 de
512 1031 717 1120 Hertrepool,
753 1032 841 1118 quod
878 1032 1095 1118 personaliter
1132 1031 1273 1097 fuissent
1303 1032 1346 1097 ad
1376 1044 1499 1092 annus.

297 1132 503 1201 Scaccarium
525 1139 683 1212 nostrum,
706 1134 743 1199 in
777 1135 917 1200 crastino
940 1135 1053 1206 Clausi
1076 1120 1208 1201 Paschae
1236 1135 1347 1221 proxi-

298 1256 352 1301 mo
386 1237 563 1323 praeterita,
597 1237 640 1302 ad
671 1236 873 1303 reddendum
908 1238 1004 1302 nobis
1036 1243 1226 1323 compotum
1263 1259 1346 1303 non·

298 1337 377 1404 dum
415 1339 582 1404 redditum
621 1338 661 1404 de
699 1338 845 1404 exitibus
890 1344 1050 1404 custumes
1088 1339 1265 1424 praedictae,
1304 1339 1346 1404 da

296 1444 444 1525 tempora
477 1461 542 1526 quo
575 1440 653 1506 inde
687 1439 876 1506 habuerunt
909 1441 1102 1517 custodiam,
1125 1463 1167 1506 ex
1196 1441 1346 1506 commis-

296 1543 387 1606 sione
416 1548 552 1622 nostra3
583 1548 617 1607 et
647 1545 835 1627 compotum
867 1542 1014 1607 nondum
1044 1542 1280 1620 reddiderunt3
1311 1549 1346 1608 et

296 1643 397 1708 iidem
427 1642 620 1721 collectores,
642 1648 752 1730 spreto
782 1645 940 1710 mandato
970 1648 1084 1709 nostro
1113 1643 1279 1730 praedicto,
1303 1645 1346 1708 ad

297 1747 383 1812 diem
407 1747 500 1813 illum
523 1747 646 1823 venire,
662 1748 704 1812 ad
727 1748 896 1832 praernissa
918 1747 1077 1825 facienda,
1092 1747 1229 1813 minime
1252 1769 1345 1813 cura·

296 1853 397 1929 runt;
420 1850 456 1913 in
478 1849 583 1914 nostri
604 1854 829 1936 contemptum
845 1848 1080 1930 manifestum3
1102 1850 1144 1913 ob
1160 1851 1248 1934 quod
1264 1872 1347 1936 pme·

297 1951 441 2036 cepimus
464 1951 650 2018 vicecomiti
672 1957 784 2018 nostro
807 1950 1067 2027 Northumbrise,
1091 1951 1179 2036 quod
1210 1952 1346 2016 distrin-

296 2059 387 2138 geret
421 2074 475 2119 eos
506 2075 565 2140 per
598 2061 702 2118 terras
735 2059 770 2118 et
803 2053 923 2118 catalla
954 2073 1014 2117 sua
1047 2053 1084 2116 in
1117 2052 1240 2117 ballivo
1262 2074 1346 2130 sua;

297 2155 345 2219 ita
366 2154 455 2241 quod
478 2177 531 2220 eos
555 2155 691 2220 haberet
713 2153 756 2218 ad
778 2154 866 2218 idem
889 2153 1092 2220 Scaccarium
1126 2159 1287 2234 nostrum,
1311 2154 1347 2217 in

296 2256 438 2321 crastino
470 2256 640 2321 Michaelis
672 2255 822 2340 proximo
853 2255 1031 2341 praeterito,
1065 2256 1108 2321 ad
1142 2255 1347 2321 reddendum

296 2357 392 2422 nobis
424 2361 612 2444 compotum
646 2357 850 2445 praedictum,
881 2363 915 2423 et
948 2357 991 2422 ad
1022 2359 1223 2424 audiendum
1256 2359 1348 2443 judi-

296 2461 384 2526 cium
422 2481 518 2524 suurn
551 2460 592 2524 de
627 2464 817 2545 contemptu
856 2460 1036 2544 praedict03
1072 2461 1223 2546 idemque
1260 2462 1348 2526 vice·

296 2583 411 2638 comes,
443 2562 486 2626 ad
532 2561 656 2627 dictum
695 2561 874 2626 crastinum
920 2560 1037 2627 Sancti
1082 2561 1259 2640 Michaelis,
1298 2585 1348 2627 re-

297 2663 444 2728 tornavit
481 2663 524 2728 nd
562 2663 766 2729 Scaccarium
811 2667 960 2726 nostrum
1008 2663 1221 2740 antedictum,
1259 2667 1347 2750 qaod

296 2764 421 2830 nullam
446 2766 672 2831 executionem
702 2764 785 2830 dicti
815 2764 925 2830 brevis
954 2765 1060 2830 nostri
1090 2763 1195 2832 facere
1226 2769 1346 2854 potuit,

296 2889 354 2954 pro
377 2889 416 2934 eo
439 2867 527 2954 quod
549 2866 630 2934 villa
651 2867 693 2931 de
716 2865 894 2952 Hartrepol
916 2871 951 2930 et
973 2867 1037 2952 ipsi
1060 2866 1245 2934 collectores
1269 2876 1348 2936 sunt

296 2969 382 3034 infra
418 2969 607 3035 libertatem
645 2970 853 3056 episcopatus
891 2968 1135 3047 Dunelmensis,
1174 2970 1231 3036 ubi
1276 2972 1346 3058 ipsa

297 3069 438 3136 officium
475 3071 678 3139 vicecomitis
716 3093 783 3136 non
820 3076 973 3136 exercet:
1019 3093 1087 3148 nos,
1127 3072 1346 3140 redditionem

296 3173 438 3260 compoti
461 3172 611 3260 praedicti
635 3173 761 3238 diutius
783 3173 945 3238 retardari
968 3193 1024 3238 seu
1047 3173 1173 3238 differri
1188 3175 1346 3256 nolentes,

298 3274 391 3340 vobis
413 3277 616 3353 mandamus,
633 3275 720 3360 quod
744 3273 953 3359 distringatis
976 3273 1064 3360 ipsos
1079 3274 1273 3353 collectores,
1290 3299 1348 3363 per

297 3398 408 3442 omnes
437 3382 543 3444 terras
566 3383 600 3443 et
622 3376 741 3442 catalla
771 3399 830 3442 sua
860 3377 949 3441 infra
982 3377 1170 3442 libertatem
1204 3383 1347 3444 vestram

295 3478 496 3565 praedictam,
518 3479 568 3544 ita
590 3479 678 3564 quod
700 3499 760 3543 nec
782 3477 854 3564 ipsi,
869 3499 929 3542 nec
952 3477 1071 3562 aliquis
1094 3499 1154 3562 pro
1177 3477 1232 3556 eis,
1245 3479 1287 3544 ad
1310 3501 1349 3545 ea

296 3602 431 3646 manum
462 3590 614 3667 apponat,
637 3580 741 3646 donec
772 3578 865 3644 aliud
898 3577 977 3642 inde
1011 3578 1107 3643 vobis
1139 3579 1348 3646 mandaveri-

296 3703 392 3763 mus;
423 3687 458 3747 et
492 3683 580 3768 quod
603 3683 644 3747 de
674 3680 822 3746 exitibus
852 3677 1030 3744 earundem
1060 3685 1222 3746 terrarum
1253 3681 1349 3747 nobis
1376 3715 1383 3734 ι

297 3784 530 3869 respondeatis.
575 3784 620 3848 Et
642 3783 730 3868 quod
753 3781 903 3847 habeatis
933 3802 1068 3868 corpora
1098 3804 1210 3848 eorum
1240 3806 1348 3850 coram

297 3885 476 3951 baronibus
498 3885 538 3951 do
561 3885 731 3952 Scaocario
753 3889 867 3949 nostro
892 3883 981 3969 apud
1009 3884 1348 3966 westmonasterium,

297 3987 393 4054 adia
421 3987 535 4053 Sancti
564 3987 699 4053 Hillarii
729 3987 766 4051 in
796 4009 851 4051 xv.
883 3985 962 4063 dies,
995 4007 1070 4050 cum
1096 3985 1223 4066 rotulis,
1247 3989 1350 4052 talliis

297 4090 461 4167 brevibus,
478 4095 513 4154 et
529 4089 680 4155 omnibus
702 4089 785 4166 aliis,
801 4093 988 4174 compotum
1012 4109 1109 4151 suurn
1125 4088 1349 4174 tangentibus,

296 4191 339 4256 ad
362 4190 564 4256 reddendum
587 4189 682 4254 nobis
705 4193 892 4275 compotum
909 4189 949 4252 de
971 4192 1122 4253 costuma
1136 4189 1294 4274 praedicta
1308 4191 1349 4255 do

297 4299 443 4378 tempore
465 4315 531 4378 quo
553 4291 742 4357 habuerunt
764 4291 841 4355 inde
857 4289 1048 4369 custodiam,
1066 4311 1108 4354 ex
1123 4292 1350 4358 commissione

297 4399 418 4471 nostra,
434 4398 468 4458 et
483 4399 669 4480 compotum
691 4393 839 4458 nondum
861 4391 1085 4469 reddiderunt,
1101 4397 1136 4456 et
1157 4392 1199 4456 ad
1215 4393 1351 4459 audien·

296 4496 374 4560 dum
387 4496 550 4582 judicium
566 4518 661 4561 suum
677 4495 717 4560 de
732 4498 924 4580 contemptu
938 4492 1104 4580 praedicto.
1142 4494 1187 4558 Et
1200 4494 1351 4562 habeatis

296 4596 344 4661 ibi
359 4603 439 4664 tunc
455 4598 517 4662 hoc
530 4598 639 4663 breve.
676 4599 781 4676 Teste,
794 4596 824 4662 J.
841 4596 882 4661 de
898 4595 1018 4676 Insula,
1031 4596 1118 4682 apud
1130 4596 1352 4663 Westmonas·

297 4700 427 4779 terium,
450 4713 500 4764 κο.
525 4699 577 4764 die
601 4697 799 4774 Decembris,
821 4719 908 4763 armo
930 4697 1024 4784 regni
1046 4699 1150 4762 nostri
1173 4700 1320 4786 septime.

1147 4803 1216 4866 152
