<?xml version="1.0" encoding="UTF-8"?>
<!DOCTYPE html PUBLIC "-//W3C//DTD XHTML 1.0 Transitional//EN"
    "http://www.w3.org/TR/xhtml1/DTD/xhtml1-transitional.dtd">
<html xmlns="http://www.w3.org/1999/xhtml" xml:lang="en" lang="en">
 <head>
  <title>
</title>
<meta http-equiv="Content-Type" content="text/html;charset=utf-8" />
  <meta name='ocr-system' content='tesseract 3.04.00' />
  <meta name='ocr-capabilities' content='ocr_page ocr_carea ocr_par ocr_line ocrx_word'/>
</head>
<body>
  <div class='ocr_page' id='page_1' title='image "./registrumpalati00kellgoog_0118.png"; bbox 0 0 3506 5702; ppageno 0'>
   <div class='ocr_carea' id='block_1_1' title="bbox 398 803 1267 874">
    <p class='ocr_par' dir='ltr' id='par_1_1' title="bbox 398 803 1267 874">
     <span class='ocr_line' id='line_1_1' title="bbox 398 803 1267 874; baseline -0.01 -3"><span class='ocrx_word' id='word_1_1' title='bbox 398 803 465 872; x_wconf 75' lang='lat'><strong>734</strong></span> <span class='ocrx_word' id='word_1_2' title='bbox 579 813 778 869; x_wconf 85' lang='grc'>6161616611</span> <span class='ocrx_word' id='word_1_3' title='bbox 799 810 1001 866; x_wconf 78' lang='grc'>1111111611</span> <span class='ocrx_word' id='word_1_4' title='bbox 1023 809 1267 874; x_wconf 79' lang='grc'>1661111161.</span> 
     </span>
    </p>
   </div>
   <div class='ocr_carea' id='block_1_2' title="bbox 246 999 1619 1812">
    <p class='ocr_par' dir='ltr' id='par_1_2' title="bbox 246 999 1619 1094">
     <span class='ocr_line' id='line_1_2' title="bbox 246 999 1619 1094; baseline -0.001 -22"><span class='ocrx_word' id='word_1_5' title='bbox 246 1025 302 1073; x_wconf 71' lang='lat' dir='ltr'><strong>nn.</strong></span> <span class='ocrx_word' id='word_1_6' title='bbox 310 1027 368 1073; x_wconf 80' lang='grc'>1616</span> <span class='ocrx_word' id='word_1_7' title='bbox 397 1001 639 1092; x_wconf 86' lang='lat' dir='ltr'><strong>inperpetuum,</strong></span> <span class='ocrx_word' id='word_1_8' title='bbox 674 1004 746 1073; x_wconf 87' lang='lat' dir='ltr'><strong>aine</strong></span> <span class='ocrx_word' id='word_1_9' title='bbox 778 1006 944 1074; x_wconf 77' lang='lat' dir='ltr'><strong>occasione</strong></span> <span class='ocrx_word' id='word_1_10' title='bbox 981 1006 1036 1072; x_wconf 87' lang='lat' dir='ltr'><strong>vel</strong></span> <span class='ocrx_word' id='word_1_11' title='bbox 1069 1002 1307 1094; x_wconf 83' lang='lat' dir='ltr'><strong>impedimento</strong></span> <span class='ocrx_word' id='word_1_12' title='bbox 1339 999 1446 1068; x_wconf 87' lang='lat' dir='ltr'><strong>nostri</strong></span> <span class='ocrx_word' id='word_1_13' title='bbox 1458 1012 1619 1070; x_wconf 67' lang='grc'>1611161</span> 
     </span>
    </p>

    <p class='ocr_par' dir='ltr' id='par_1_3' title="bbox 351 1106 1448 1812">
     <span class='ocr_line' id='line_1_3' title="bbox 351 1106 1444 1194; baseline -0.007 -15"><span class='ocrx_word' id='word_1_14' title='bbox 351 1171 355 1179; x_wconf 95' lang='lat'>.</span> <span class='ocrx_word' id='word_1_15' title='bbox 397 1106 453 1173; x_wconf 83' lang='lat' dir='ltr'><strong>vel</strong></span> <span class='ocrx_word' id='word_1_16' title='bbox 474 1129 693 1176; x_wconf 87' lang='lat' dir='ltr'><strong>successorum</strong></span> <span class='ocrx_word' id='word_1_17' title='bbox 715 1113 913 1189; x_wconf 89' lang='lat' dir='ltr'><strong>nostrorum,</strong></span> <span class='ocrx_word' id='word_1_18' title='bbox 938 1107 1208 1194; x_wconf 74' lang='lat' dir='ltr'><strong>Jusciciariorum,</strong></span> <span class='ocrx_word' id='word_1_19' title='bbox 1234 1107 1444 1187; x_wconf 85' lang='grc'>66666161611,</span> 
     </span>
     <span class='ocr_line' id='line_1_4' title="bbox 397 1207 1446 1293; baseline 0 -19"><span class='ocrx_word' id='word_1_20' title='bbox 397 1208 637 1293; x_wconf 86' lang='lat' dir='ltr'><strong>vicecomitum,</strong></span> <span class='ocrx_word' id='word_1_21' title='bbox 660 1215 721 1278; x_wconf 90' lang='lat' dir='ltr'><strong>aut</strong></span> <span class='ocrx_word' id='word_1_22' title='bbox 742 1211 882 1279; x_wconf 77' lang='lat' dir='ltr'><strong>aliorum</strong></span> <span class='ocrx_word' id='word_1_23' title='bbox 905 1210 1103 1278; x_wconf 80' lang='lat' dir='ltr'><strong>ballivorum</strong></span> <span class='ocrx_word' id='word_1_24' title='bbox 1137 1232 1195 1278; x_wconf 88' lang='grc'><strong>666</strong></span> <span class='ocrx_word' id='word_1_25' title='bbox 1217 1207 1446 1276; x_wconf 86' lang='lat' dir='ltr'><strong>ministrorum</strong></span> 
     </span>
     <span class='ocr_line' id='line_1_5' title="bbox 396 1307 1446 1402; baseline -0.002 -22"><span class='ocrx_word' id='word_1_26' title='bbox 396 1318 584 1380; x_wconf 88' lang='lat' dir='ltr'><strong>nostrorum</strong></span> <span class='ocrx_word' id='word_1_27' title='bbox 607 1307 883 1402; x_wconf 85' lang='lat' dir='ltr'><strong>quorumcunque.</strong></span> <span class='ocrx_word' id='word_1_28' title='bbox 930 1313 974 1378; x_wconf 90' lang='lat' dir='ltr'><strong>In</strong></span> <span class='ocrx_word' id='word_1_29' title='bbox 1007 1313 1102 1401; x_wconf 91' lang='lat' dir='ltr'><strong>cujus</strong></span> <span class='ocrx_word' id='word_1_30' title='bbox 1131 1313 1179 1378; x_wconf 90' lang='lat' dir='ltr'><strong>rei</strong></span> <span class='ocrx_word' id='word_1_31' title='bbox 1209 1313 1446 1391; x_wconf 87' lang='lat' dir='ltr'><strong>testimonium,</strong></span> 
     </span>
     <span class='ocr_line' id='line_1_6' title="bbox 396 1415 1446 1503; baseline 0.001 -23"><span class='ocrx_word' id='word_1_32' title='bbox 396 1415 457 1481; x_wconf 87' lang='lat' dir='ltr'><strong>hus</strong></span> <span class='ocrx_word' id='word_1_33' title='bbox 479 1415 593 1484; x_wconf 86' lang='grc'>1116166</span> <span class='ocrx_word' id='word_1_34' title='bbox 615 1422 743 1486; x_wconf 82' lang='lat' dir='ltr'><strong>nostras</strong></span> <span class='ocrx_word' id='word_1_35' title='bbox 765 1417 838 1485; x_wconf 90' lang='lat' dir='ltr'><strong>fieri</strong></span> <span class='ocrx_word' id='word_1_36' title='bbox 867 1417 1004 1484; x_wconf 75' lang='lat' dir='ltr'>fecimus</span> <span class='ocrx_word' id='word_1_37' title='bbox 1027 1419 1187 1503; x_wconf 88' lang='lat' dir='ltr'><strong>patentes,</strong></span> <span class='ocrx_word' id='word_1_38' title='bbox 1210 1416 1310 1503; x_wconf 83' lang='lat' dir='ltr'><strong>sigilli</strong></span> <span class='ocrx_word' id='word_1_39' title='bbox 1340 1415 1446 1482; x_wconf 89' lang='lat' dir='ltr'><strong>nostri</strong></span> 
     </span>
     <span class='ocr_line' id='line_1_7' title="bbox 396 1517 1447 1607; baseline -0.001 -23"><span class='ocrx_word' id='word_1_40' title='bbox 396 1518 580 1586; x_wconf 80' lang='lat' dir='ltr'><strong>munimine</strong></span> <span class='ocrx_word' id='word_1_41' title='bbox 601 1519 781 1587; x_wconf 87' lang='lat' dir='ltr'><strong>roboratas.</strong></span> <span class='ocrx_word' id='word_1_42' title='bbox 828 1519 955 1586; x_wconf 88' lang='lat' dir='ltr'><strong>Datum</strong></span> <span class='ocrx_word' id='word_1_43' title='bbox 977 1518 1067 1607; x_wconf 90' lang='lat' dir='ltr'><strong>apud</strong></span> <span class='ocrx_word' id='word_1_44' title='bbox 1090 1517 1255 1596; x_wconf 87' lang='lat' dir='ltr'><strong>Stokton&#39;,</strong></span> <span class='ocrx_word' id='word_1_45' title='bbox 1272 1517 1371 1605; x_wconf 79' lang='lat' dir='ltr'><strong>xxijo.</strong></span> <span class='ocrx_word' id='word_1_46' title='bbox 1393 1517 1447 1584; x_wconf 90' lang='lat' dir='ltr'><strong>die</strong></span> 
     </span>
     <span class='ocr_line' id='line_1_8' title="bbox 397 1620 1448 1710; baseline 0.002 -24"><span class='ocrx_word' id='word_1_47' title='bbox 397 1621 519 1687; x_wconf 85' lang='lat' dir='ltr'><strong>mensis</strong></span> <span class='ocrx_word' id='word_1_48' title='bbox 534 1621 745 1710; x_wconf 75' lang='lat' dir='ltr'><strong>Septembris,</strong></span> <span class='ocrx_word' id='word_1_49' title='bbox 768 1643 855 1690; x_wconf 90' lang='lat' dir='ltr'><strong>anno</strong></span> <span class='ocrx_word' id='word_1_50' title='bbox 877 1623 1013 1690; x_wconf 90' lang='lat' dir='ltr'><strong>Domini</strong></span> <span class='ocrx_word' id='word_1_51' title='bbox 1035 1620 1209 1688; x_wconf 88' lang='lat' dir='ltr'><strong>millesimo</strong></span> <span class='ocrx_word' id='word_1_52' title='bbox 1223 1634 1301 1692; x_wconf 77' lang='lat'><strong>000⁰.</strong></span> <span class='ocrx_word' id='word_1_53' title='bbox 1317 1621 1448 1710; x_wconf 88' lang='lat' dir='ltr'><strong>quinto·</strong></span> 
     </span>
     <span class='ocr_line' id='line_1_9' title="bbox 398 1723 1157 1812; baseline 0.003 -22"><span class='ocrx_word' id='word_1_54' title='bbox 398 1723 532 1804; x_wconf 86' lang='lat' dir='ltr'><strong>decimo,</strong></span> <span class='ocrx_word' id='word_1_55' title='bbox 555 1728 590 1791; x_wconf 92' lang='grc'><strong>61</strong></span> <span class='ocrx_word' id='word_1_56' title='bbox 612 1726 864 1795; x_wconf 84' lang='lat' dir='ltr'><strong>consecrationis</strong></span> <span class='ocrx_word' id='word_1_57' title='bbox 887 1729 1009 1792; x_wconf 83' lang='lat' dir='ltr'><strong>nostres</strong></span> <span class='ocrx_word' id='word_1_58' title='bbox 1032 1725 1157 1812; x_wconf 90' lang='lat' dir='ltr'><strong>quinto.</strong></span> 
     </span>
    </p>
   </div>
   <div class='ocr_carea' id='block_1_3' title="bbox 230 1923 1447 2033">
    <p class='ocr_par' dir='ltr' id='par_1_4' title="bbox 230 1923 1447 2033">
     <span class='ocr_line' id='line_1_10' title="bbox 230 1923 1447 2033; baseline -0.001 -44"><span class='ocrx_word' id='word_1_59' title='bbox 230 1933 384 2033; x_wconf 54' lang='lat' dir='ltr'><strong>fflffiffi.</strong></span> <span class='ocrx_word' id='word_1_60' title='bbox 399 1977 530 2031; x_wconf 77' lang='lat' dir='ltr'><strong>Sententia</strong></span> <span class='ocrx_word' id='word_1_61' title='bbox 561 1985 649 2031; x_wconf 69' lang='lat' dir='ltr'><strong>coum</strong></span> <span class='ocrx_word' id='word_1_62' title='bbox 727 1925 897 2006; x_wconf 81' lang='lat' dir='ltr'><strong>Ricardus,</strong></span> <span class='ocrx_word' id='word_1_63' title='bbox 934 1929 1007 2006; x_wconf 86' lang='grc'>616,</span> <span class='ocrx_word' id='word_1_64' title='bbox 1038 1923 1160 1992; x_wconf 85' lang='lat' dir='ltr'><strong>dilecto</strong></span> <span class='ocrx_word' id='word_1_65' title='bbox 1196 1924 1275 2006; x_wconf 90' lang='lat' dir='ltr'><strong>filio,</strong></span> <span class='ocrx_word' id='word_1_66' title='bbox 1314 1923 1447 1990; x_wconf 89' lang='lat' dir='ltr'><strong>domino</strong></span> 
     </span>
    </p>
   </div>
   <div class='ocr_carea' id='block_1_4' title="bbox 228 2027 1449 2164">
    <p class='ocr_par' dir='ltr' id='par_1_5' title="bbox 228 2027 1449 2164">
     <span class='ocr_line' id='line_1_11' title="bbox 228 2027 1449 2164; baseline -0.001 -71"><span class='ocrx_word' id='word_1_67' title='bbox 228 2039 389 2140; x_wconf 52' lang='lat' dir='ltr'><strong>fflthoae</strong></span> <span class='ocrx_word' id='word_1_68' title='bbox 398 2045 647 2164; x_wconf 39' lang='lat' dir='ltr'><strong>&amp;pontenuru-</strong></span> <span class='ocrx_word' id='word_1_69' title='bbox 681 2029 833 2114; x_wconf 83' lang='lat' dir='ltr'><strong>Henrieo,</strong></span> <span class='ocrx_word' id='word_1_70' title='bbox 856 2028 1015 2116; x_wconf 83' lang='lat' dir='ltr'><strong>magistro</strong></span> <span class='ocrx_word' id='word_1_71' title='bbox 1037 2028 1079 2094; x_wconf 89' lang='lat' dir='ltr'><strong>de</strong></span> <span class='ocrx_word' id='word_1_72' title='bbox 1100 2027 1332 2117; x_wconf 87' lang='lat' dir='ltr'><strong>Beumburgh’,</strong></span> <span class='ocrx_word' id='word_1_73' title='bbox 1362 2028 1449 2094; x_wconf 87' lang='lat' dir='ltr'><strong>salu-</strong></span> 
     </span>
     <span class='ocr_line' id='line_1_12' title="bbox 493 2129 507 2164; baseline 0 0"><span class='ocrx_word' id='word_1_74' title='bbox 493 2129 507 2164; x_wconf 81' lang='grc' dir='ltr'><strong>Θ</strong></span> 
     </span>
    </p>
   </div>
   <div class='ocr_carea' id='block_1_5' title="bbox 230 2113 1448 2531">
    <p class='ocr_par' dir='ltr' id='par_1_6' title="bbox 230 2113 1448 2531">
     <span class='ocr_line' id='line_1_13' title="bbox 230 2113 1448 2237; baseline -0.007 -34"><span class='ocrx_word' id='word_1_75' title='bbox 230 2139 382 2237; x_wconf 53' lang='lat' dir='ltr'><strong>fflfflfioe</strong></span> <span class='ocrx_word' id='word_1_76' title='bbox 518 2113 604 2165; x_wconf 72' lang='lat' dir='ltr'><strong>Fm’.</strong></span> <span class='ocrx_word' id='word_1_77' title='bbox 679 2140 756 2218; x_wconf 89' lang='lat' dir='ltr'><strong>tem,</strong></span> <span class='ocrx_word' id='word_1_78' title='bbox 779 2133 920 2221; x_wconf 79' lang='lat' dir='ltr'><strong>gratiam</strong></span> <span class='ocrx_word' id='word_1_79' title='bbox 936 2135 971 2198; x_wconf 92' lang='grc'><strong>61</strong></span> <span class='ocrx_word' id='word_1_80' title='bbox 992 2130 1264 2199; x_wconf 89' lang='lat' dir='ltr'><strong>benedictionem.</strong></span> <span class='ocrx_word' id='word_1_81' title='bbox 1309 2129 1448 2197; x_wconf 89' lang='lat' dir='ltr'><strong>Dilectis</strong></span> 
     </span>
     <span class='ocr_line' id='line_1_14' title="bbox 231 2234 1447 2326; baseline -0.002 -23"><span class='ocrx_word' id='word_1_82' title='bbox 231 2239 339 2286; x_wconf 65' lang='lat' dir='ltr'><strong>‘’fl‘ffi’·</strong></span> <span class='ocrx_word' id='word_1_83' title='bbox 398 2237 477 2304; x_wconf 86' lang='lat' dir='ltr'><strong>filiis</strong></span> <span class='ocrx_word' id='word_1_84' title='bbox 498 2239 628 2320; x_wconf 88' lang='lat' dir='ltr'><strong>uostris,</strong></span> <span class='ocrx_word' id='word_1_85' title='bbox 643 2239 753 2326; x_wconf 89' lang='lat' dir='ltr'><strong>priore</strong></span> <span class='ocrx_word' id='word_1_86' title='bbox 767 2242 802 2302; x_wconf 90' lang='lat' dir='ltr'><strong>et</strong></span> <span class='ocrx_word' id='word_1_87' title='bbox 817 2241 983 2302; x_wconf 88' lang='lat' dir='ltr'><strong>conventu</strong></span> <span class='ocrx_word' id='word_1_88' title='bbox 1005 2234 1293 2314; x_wconf 85' lang='lat' dir='ltr'><strong>Dunolmsnsibua,</strong></span> <span class='ocrx_word' id='word_1_89' title='bbox 1316 2254 1354 2298; x_wconf 87' lang='grc'><strong>66</strong></span> <span class='ocrx_word' id='word_1_90' title='bbox 1375 2255 1447 2300; x_wconf 89' lang='grc'>666-</span> 
     </span>
     <span class='ocr_line' id='line_1_15' title="bbox 398 2336 1447 2428; baseline -0.005 -21"><span class='ocrx_word' id='word_1_91' title='bbox 398 2343 477 2407; x_wconf 86' lang='lat' dir='ltr'><strong>todo</strong></span> <span class='ocrx_word' id='word_1_92' title='bbox 509 2341 738 2428; x_wconf 89' lang='lat' dir='ltr'><strong>religiosorum</strong></span> <span class='ocrx_word' id='word_1_93' title='bbox 769 2339 832 2404; x_wconf 92' lang='lat' dir='ltr'><strong>loci</strong></span> <span class='ocrx_word' id='word_1_94' title='bbox 863 2337 954 2404; x_wconf 81' lang='lat' dir='ltr'><strong>celles</strong></span> <span class='ocrx_word' id='word_1_95' title='bbox 988 2338 1029 2403; x_wconf 89' lang='grc'><strong>(16</strong></span> <span class='ocrx_word' id='word_1_96' title='bbox 1061 2336 1166 2416; x_wconf 87' lang='lat' dir='ltr'><strong>Farn&#39;,</strong></span> <span class='ocrx_word' id='word_1_97' title='bbox 1189 2337 1337 2424; x_wconf 85' lang='lat' dir='ltr'><strong>graviter</strong></span> <span class='ocrx_word' id='word_1_98' title='bbox 1373 2357 1447 2403; x_wconf 91' lang='lat' dir='ltr'><strong>oon·</strong></span> 
     </span>
     <span class='ocr_line' id='line_1_16' title="bbox 398 2439 1447 2531; baseline -0.005 -21"><span class='ocrx_word' id='word_1_99' title='bbox 398 2445 623 2530; x_wconf 78' lang='lat' dir='ltr'><strong>querentibus,</strong></span> <span class='ocrx_word' id='word_1_100' title='bbox 646 2443 837 2531; x_wconf 83' lang='lat' dir='ltr'><strong>accepimus,</strong></span> <span class='ocrx_word' id='word_1_101' title='bbox 875 2463 943 2508; x_wconf 91' lang='lat' dir='ltr'><strong>non</strong></span> <span class='ocrx_word' id='word_1_102' title='bbox 975 2445 1025 2506; x_wconf 90' lang='grc'><strong>661</strong></span> <span class='ocrx_word' id='word_1_103' title='bbox 1064 2441 1131 2521; x_wconf 90' lang='lat' dir='ltr'><strong>diu,</strong></span> <span class='ocrx_word' id='word_1_104' title='bbox 1163 2439 1252 2526; x_wconf 91' lang='lat' dir='ltr'><strong>quod</strong></span> <span class='ocrx_word' id='word_1_105' title='bbox 1282 2439 1361 2505; x_wconf 91' lang='lat' dir='ltr'><strong>licet</strong></span> <span class='ocrx_word' id='word_1_106' title='bbox 1397 2461 1447 2505; x_wconf 90' lang='lat' dir='ltr'><strong>res</strong></span> 
     </span>
    </p>
   </div>
   <div class='ocr_carea' id='block_1_6' title="bbox 399 2542 1447 2635">
    <p class='ocr_par' dir='ltr' id='par_1_7' title="bbox 399 2542 1447 2635">
     <span class='ocr_line' id='line_1_17' title="bbox 399 2542 1447 2635; baseline -0.006 -22"><span class='ocrx_word' id='word_1_107' title='bbox 399 2547 597 2614; x_wconf 78' lang='lat' dir='ltr'><strong>omnimodus</strong></span> <span class='ocrx_word' id='word_1_108' title='bbox 618 2547 851 2635; x_wconf 85' lang='lat' dir='ltr'><strong>provenientes</strong></span> <span class='ocrx_word' id='word_1_109' title='bbox 867 2545 909 2610; x_wconf 90' lang='lat' dir='ltr'><strong>ds</strong></span> <span class='ocrx_word' id='word_1_110' title='bbox 932 2543 1120 2630; x_wconf 76' lang='lat' dir='ltr'><strong>naufragiis,</strong></span> <span class='ocrx_word' id='word_1_111' title='bbox 1136 2547 1172 2608; x_wconf 91' lang='lat' dir='ltr'><strong>et</strong></span> <span class='ocrx_word' id='word_1_112' title='bbox 1186 2543 1396 2630; x_wconf 78' lang='lat' dir='ltr'><strong>applicantes,</strong></span> <span class='ocrx_word' id='word_1_113' title='bbox 1411 2542 1447 2607; x_wconf 92' lang='lat' dir='ltr'><strong>in</strong></span> 
     </span>
    </p>
   </div>
   <div class='ocr_carea' id='block_1_7' title="bbox 397 2646 1448 2842">
    <p class='ocr_par' dir='ltr' id='par_1_8' title="bbox 397 2646 1448 2842">
     <span class='ocr_line' id='line_1_18' title="bbox 399 2646 1448 2733; baseline -0.005 -18"><span class='ocrx_word' id='word_1_114' title='bbox 399 2651 490 2717; x_wconf 81' lang='grc'>(11616</span> <span class='ocrx_word' id='word_1_115' title='bbox 509 2652 619 2717; x_wconf 88' lang='lat' dir='ltr'><strong>insula</strong></span> <span class='ocrx_word' id='word_1_116' title='bbox 641 2651 683 2716; x_wconf 90' lang='lat' dir='ltr'><strong>de</strong></span> <span class='ocrx_word' id='word_1_117' title='bbox 705 2648 802 2716; x_wconf 85' lang='lat' dir='ltr'><strong>Fern’</strong></span> <span class='ocrx_word' id='word_1_118' title='bbox 826 2653 860 2715; x_wconf 89' lang='grc'><strong>61</strong></span> <span class='ocrx_word' id='word_1_119' title='bbox 882 2646 1009 2715; x_wconf 82' lang='lat' dir='ltr'><strong>oaeteris</strong></span> <span class='ocrx_word' id='word_1_120' title='bbox 1030 2646 1147 2713; x_wconf 88' lang='lat' dir='ltr'><strong>insulis</strong></span> <span class='ocrx_word' id='word_1_121' title='bbox 1169 2646 1276 2712; x_wconf 92' lang='lat' dir='ltr'><strong>eidem</strong></span> <span class='ocrx_word' id='word_1_122' title='bbox 1298 2647 1448 2733; x_wconf 80' lang='lat' dir='ltr'><strong>adjacen-</strong></span> 
     </span>
     <span class='ocr_line' id='line_1_19' title="bbox 397 2749 1447 2842; baseline -0.002 -25"><span class='ocrx_word' id='word_1_123' title='bbox 397 2753 499 2831; x_wconf 86' lang='lat' dir='ltr'><strong>tibus,</strong></span> <span class='ocrx_word' id='word_1_124' title='bbox 520 2754 600 2841; x_wconf 87' lang='lat' dir='ltr'><strong>ipsis</strong></span> <span class='ocrx_word' id='word_1_125' title='bbox 615 2751 774 2842; x_wconf 82' lang='lat' dir='ltr'><strong>religiosis</strong></span> <span class='ocrx_word' id='word_1_126' title='bbox 797 2756 832 2817; x_wconf 92' lang='lat' dir='ltr'><strong>et</strong></span> <span class='ocrx_word' id='word_1_127' title='bbox 853 2773 920 2816; x_wconf 91' lang='lat' dir='ltr'><strong>non</strong></span> <span class='ocrx_word' id='word_1_128' title='bbox 942 2749 1025 2828; x_wconf 79' lang='lat' dir='ltr'><strong>aliie,</strong></span> <span class='ocrx_word' id='word_1_129' title='bbox 1040 2771 1082 2815; x_wconf 84' lang='lat' dir='ltr'><strong>ex</strong></span> <span class='ocrx_word' id='word_1_130' title='bbox 1101 2750 1166 2837; x_wconf 90' lang='lat' dir='ltr'><strong>piis</strong></span> <span class='ocrx_word' id='word_1_131' title='bbox 1188 2771 1303 2837; x_wconf 86' lang='lat' dir='ltr'><strong>regum</strong></span> <span class='ocrx_word' id='word_1_132' title='bbox 1317 2749 1447 2836; x_wconf 79' lang='lat' dir='ltr'><strong>Angliae</strong></span> 
     </span>
    </p>
   </div>
   <div class='ocr_carea' id='block_1_8' title="bbox 395 2851 1496 4580">
    <p class='ocr_par' dir='ltr' id='par_1_9' title="bbox 395 2851 1496 4580">
     <span class='ocr_line' id='line_1_20' title="bbox 398 2851 1447 2942; baseline -0.004 -22"><span class='ocrx_word' id='word_1_133' title='bbox 398 2854 579 2921; x_wconf 73' lang='lat' dir='ltr'><strong>illustrium</strong></span> <span class='ocrx_word' id='word_1_134' title='bbox 601 2855 842 2942; x_wconf 76' lang='lat' dir='ltr'><strong>largitionibus,</strong></span> <span class='ocrx_word' id='word_1_135' title='bbox 864 2853 1062 2940; x_wconf 87' lang='lat' dir='ltr'><strong>pertineant,</strong></span> <span class='ocrx_word' id='word_1_136' title='bbox 1089 2857 1123 2917; x_wconf 93' lang='grc'><strong>61</strong></span> <span class='ocrx_word' id='word_1_137' title='bbox 1152 2851 1373 2938; x_wconf 71' lang='lat' dir='ltr'><strong>pertinuerint</strong></span> <span class='ocrx_word' id='word_1_138' title='bbox 1403 2851 1447 2916; x_wconf 86' lang='lat' dir='ltr'><strong>ab</strong></span> 
     </span>
     <span class='ocr_line' id='line_1_21' title="bbox 398 2953 1446 3045; baseline -0.002 -23"><span class='ocrx_word' id='word_1_139' title='bbox 398 2958 547 3045; x_wconf 87' lang='lat' dir='ltr'><strong>antiquo,</strong></span> <span class='ocrx_word' id='word_1_140' title='bbox 562 2958 727 3043; x_wconf 81' lang='lat' dir='ltr'><strong>variaequc</strong></span> <span class='ocrx_word' id='word_1_141' title='bbox 749 2955 829 3042; x_wconf 89' lang='lat' dir='ltr'><strong>ipsis</strong></span> <span class='ocrx_word' id='word_1_142' title='bbox 843 2955 1003 3042; x_wconf 84' lang='lat' dir='ltr'><strong>religiosis</strong></span> <span class='ocrx_word' id='word_1_143' title='bbox 1018 2975 1056 3020; x_wconf 90' lang='grc'><strong>66</strong></span> <span class='ocrx_word' id='word_1_144' title='bbox 1072 2953 1161 3022; x_wconf 83' lang='lat' dir='ltr'><strong>dieto</strong></span> <span class='ocrx_word' id='word_1_145' title='bbox 1182 2953 1254 3020; x_wconf 91' lang='lat' dir='ltr'><strong>loco</strong></span> <span class='ocrx_word' id='word_1_146' title='bbox 1269 2955 1446 3038; x_wconf 88' lang='lat' dir='ltr'><strong>libertates,</strong></span> 
     </span>
     <span class='ocr_line' id='line_1_22' title="bbox 395 3057 1447 3148; baseline 0.001 -24"><span class='ocrx_word' id='word_1_147' title='bbox 395 3059 473 3145; x_wconf 90' lang='lat' dir='ltr'><strong>jura</strong></span> <span class='ocrx_word' id='word_1_148' title='bbox 495 3065 529 3126; x_wconf 91' lang='lat' dir='ltr'><strong>et</strong></span> <span class='ocrx_word' id='word_1_149' title='bbox 551 3060 733 3148; x_wconf 84' lang='lat' dir='ltr'><strong>privilegia,</strong></span> <span class='ocrx_word' id='word_1_150' title='bbox 756 3059 825 3124; x_wconf 91' lang='lat' dir='ltr'><strong>sint</strong></span> <span class='ocrx_word' id='word_1_151' title='bbox 851 3079 1010 3138; x_wconf 83' lang='lat' dir='ltr'><strong>concessa,</strong></span> <span class='ocrx_word' id='word_1_152' title='bbox 1033 3078 1072 3125; x_wconf 86' lang='grc'><strong>66</strong></span> <span class='ocrx_word' id='word_1_153' title='bbox 1104 3079 1162 3144; x_wconf 88' lang='lat' dir='ltr'><strong>per</strong></span> <span class='ocrx_word' id='word_1_154' title='bbox 1184 3057 1294 3124; x_wconf 89' lang='lat' dir='ltr'><strong>sedem</strong></span> <span class='ocrx_word' id='word_1_155' title='bbox 1317 3063 1447 3146; x_wconf 88' lang='lat' dir='ltr'><strong>aposto·</strong></span> 
     </span>
     <span class='ocr_line' id='line_1_23' title="bbox 398 3159 1448 3249; baseline 0 -23"><span class='ocrx_word' id='word_1_156' title='bbox 398 3161 496 3227; x_wconf 88' lang='lat' dir='ltr'><strong>licam</strong></span> <span class='ocrx_word' id='word_1_157' title='bbox 519 3162 721 3238; x_wconf 86' lang='lat' dir='ltr'><strong>confirmata,</strong></span> <span class='ocrx_word' id='word_1_158' title='bbox 744 3181 926 3249; x_wconf 79' lang='lat' dir='ltr'><strong>gravesque</strong></span> <span class='ocrx_word' id='word_1_159' title='bbox 956 3159 1141 3247; x_wconf 75' lang='lat' dir='ltr'><strong>specialiter</strong></span> <span class='ocrx_word' id='word_1_160' title='bbox 1163 3161 1232 3227; x_wconf 87' lang='lat' dir='ltr'><strong>sint</strong></span> <span class='ocrx_word' id='word_1_161' title='bbox 1262 3161 1341 3228; x_wconf 81' lang='grc'>16166</span> <span class='ocrx_word' id='word_1_162' title='bbox 1374 3183 1448 3227; x_wconf 89' lang='grc'>661-</span> 
     </span>
     <span class='ocr_line' id='line_1_24' title="bbox 400 3262 1448 3353; baseline 0.001 -24"><span class='ocrx_word' id='word_1_163' title='bbox 400 3265 517 3332; x_wconf 79' lang='lat' dir='ltr'><strong>tentioe</strong></span> <span class='ocrx_word' id='word_1_164' title='bbox 531 3265 567 3330; x_wconf 91' lang='lat' dir='ltr'><strong>in</strong></span> <span class='ocrx_word' id='word_1_165' title='bbox 589 3286 644 3332; x_wconf 88' lang='lat' dir='ltr'><strong>eos</strong></span> <span class='ocrx_word' id='word_1_166' title='bbox 667 3263 726 3353; x_wconf 94' lang='lat' dir='ltr'><strong>qui</strong></span> <span class='ocrx_word' id='word_1_167' title='bbox 747 3285 800 3330; x_wconf 88' lang='lat' dir='ltr'><strong>res</strong></span> <span class='ocrx_word' id='word_1_168' title='bbox 821 3263 968 3350; x_wconf 86' lang='lat' dir='ltr'><strong>ipsorum</strong></span> <span class='ocrx_word' id='word_1_169' title='bbox 991 3262 1219 3350; x_wconf 79' lang='lat' dir='ltr'><strong>religiosorum</strong></span> <span class='ocrx_word' id='word_1_170' title='bbox 1234 3269 1294 3329; x_wconf 91' lang='grc'><strong>661</strong></span> <span class='ocrx_word' id='word_1_171' title='bbox 1316 3264 1448 3351; x_wconf 86' lang='lat' dir='ltr'><strong>praefati</strong></span> 
     </span>
     <span class='ocr_line' id='line_1_25' title="bbox 399 3364 1446 3453; baseline 0.002 -23"><span class='ocrx_word' id='word_1_172' title='bbox 399 3367 463 3434; x_wconf 87' lang='grc'>1661</span> <span class='ocrx_word' id='word_1_173' title='bbox 494 3368 657 3447; x_wconf 87' lang='grc'>61161611,</span> <span class='ocrx_word' id='word_1_174' title='bbox 681 3366 736 3432; x_wconf 85' lang='grc'><strong>661</strong></span> <span class='ocrx_word' id='word_1_175' title='bbox 769 3365 939 3431; x_wconf 83' lang='lat' dir='ltr'><strong>libertates</strong></span> <span class='ocrx_word' id='word_1_176' title='bbox 969 3386 1052 3444; x_wconf 87' lang='grc'>6666,</span> <span class='ocrx_word' id='word_1_177' title='bbox 1072 3364 1158 3450; x_wconf 87' lang='lat' dir='ltr'><strong>jura,</strong></span> <span class='ocrx_word' id='word_1_178' title='bbox 1185 3387 1242 3431; x_wconf 90' lang='lat' dir='ltr'><strong>seu</strong></span> <span class='ocrx_word' id='word_1_179' title='bbox 1264 3366 1446 3453; x_wconf 86' lang='lat' dir='ltr'><strong>privilegia,</strong></span> 
     </span>
     <span class='ocr_line' id='line_1_26' title="bbox 400 3466 1447 3556; baseline -0.001 -21"><span class='ocrx_word' id='word_1_180' title='bbox 400 3469 528 3536; x_wconf 84' lang='lat' dir='ltr'><strong>violant</strong></span> <span class='ocrx_word' id='word_1_181' title='bbox 558 3474 617 3536; x_wconf 87' lang='grc'><strong>611</strong></span> <span class='ocrx_word' id='word_1_182' title='bbox 651 3468 841 3556; x_wconf 75' lang='lat' dir='ltr'><strong>infringrmt</strong></span> <span class='ocrx_word' id='word_1_183' title='bbox 853 3493 863 3550; x_wconf 91' lang='lat'>;</span> <span class='ocrx_word' id='word_1_184' title='bbox 894 3466 1028 3553; x_wconf 85' lang='lat' dir='ltr'><strong>quidam</strong></span> <span class='ocrx_word' id='word_1_185' title='bbox 1062 3470 1174 3534; x_wconf 88' lang='lat' dir='ltr'><strong>tamen</strong></span> <span class='ocrx_word' id='word_1_186' title='bbox 1204 3467 1352 3534; x_wconf 81' lang='lat' dir='ltr'><strong>scelerati</strong></span> <span class='ocrx_word' id='word_1_187' title='bbox 1384 3469 1447 3534; x_wconf 88' lang='lat' dir='ltr'><strong>filii</strong></span> 
     </span>
     <span class='ocr_line' id='line_1_27' title="bbox 398 3569 1448 3660; baseline 0.001 -24"><span class='ocrx_word' id='word_1_188' title='bbox 398 3573 539 3660; x_wconf 81' lang='lat' dir='ltr'><strong>proprius</strong></span> <span class='ocrx_word' id='word_1_189' title='bbox 562 3571 680 3638; x_wconf 89' lang='lat' dir='ltr'><strong>salutis</strong></span> <span class='ocrx_word' id='word_1_190' title='bbox 711 3570 814 3650; x_wconf 89' lang='lat' dir='ltr'><strong>obliti,</strong></span> <span class='ocrx_word' id='word_1_191' title='bbox 838 3591 978 3657; x_wconf 91' lang='lat' dir='ltr'><strong>quorum</strong></span> <span class='ocrx_word' id='word_1_192' title='bbox 1007 3569 1142 3636; x_wconf 87' lang='lat' dir='ltr'><strong>nomina</strong></span> <span class='ocrx_word' id='word_1_193' title='bbox 1171 3571 1375 3658; x_wconf 84' lang='lat' dir='ltr'><strong>ignorantur,</strong></span> <span class='ocrx_word' id='word_1_194' title='bbox 1396 3592 1448 3637; x_wconf 88' lang='lat' dir='ltr'><strong>res</strong></span> 
     </span>
     <span class='ocr_line' id='line_1_28' title="bbox 401 3671 1448 3760; baseline -0.002 -21"><span class='ocrx_word' id='word_1_195' title='bbox 401 3673 576 3760; x_wconf 77' lang='lat' dir='ltr'><strong>nsrrfmgii,</strong></span> <span class='ocrx_word' id='word_1_196' title='bbox 598 3673 751 3760; x_wconf 87' lang='lat' dir='ltr'><strong>quotiens</strong></span> <span class='ocrx_word' id='word_1_197' title='bbox 784 3671 821 3737; x_wconf 91' lang='lat' dir='ltr'><strong>in</strong></span> <span class='ocrx_word' id='word_1_198' title='bbox 855 3672 952 3737; x_wconf 85' lang='lat' dir='ltr'><strong>dictis</strong></span> <span class='ocrx_word' id='word_1_199' title='bbox 981 3671 1098 3738; x_wconf 88' lang='lat' dir='ltr'><strong>insulis</strong></span> <span class='ocrx_word' id='word_1_200' title='bbox 1129 3672 1304 3760; x_wconf 79' lang='lat' dir='ltr'><strong>applicant,</strong></span> <span class='ocrx_word' id='word_1_201' title='bbox 1327 3673 1369 3739; x_wconf 87' lang='lat' dir='ltr'><strong>ab</strong></span> <span class='ocrx_word' id='word_1_202' title='bbox 1401 3672 1448 3738; x_wconf 90' lang='grc'><strong>616</strong></span> 
     </span>
     <span class='ocr_line' id='line_1_29' title="bbox 401 3773 1446 3862; baseline -0.001 -20"><span class='ocrx_word' id='word_1_203' title='bbox 401 3775 558 3842; x_wconf 77' lang='lat' dir='ltr'><strong>auferunt</strong></span> <span class='ocrx_word' id='word_1_204' title='bbox 571 3774 731 3862; x_wconf 89' lang='lat' dir='ltr'><strong>nequiter,</strong></span> <span class='ocrx_word' id='word_1_205' title='bbox 746 3779 781 3839; x_wconf 87' lang='lat' dir='ltr'><strong>et</strong></span> <span class='ocrx_word' id='word_1_206' title='bbox 801 3773 976 3853; x_wconf 83' lang='lat' dir='ltr'><strong>invadunt,</strong></span> <span class='ocrx_word' id='word_1_207' title='bbox 991 3779 1026 3839; x_wconf 88' lang='lat' dir='ltr'><strong>et</strong></span> <span class='ocrx_word' id='word_1_208' title='bbox 1040 3779 1159 3840; x_wconf 85' lang='lat' dir='ltr'><strong>caetera</strong></span> <span class='ocrx_word' id='word_1_209' title='bbox 1177 3775 1264 3860; x_wconf 87' lang='lat' dir='ltr'><strong>jura,</strong></span> <span class='ocrx_word' id='word_1_210' title='bbox 1279 3775 1446 3841; x_wconf 81' lang='lat' dir='ltr'><strong>libertates</strong></span> 
     </span>
     <span class='ocr_line' id='line_1_30' title="bbox 402 3875 1448 3967; baseline -0.001 -22"><span class='ocrx_word' id='word_1_211' title='bbox 402 3882 438 3945; x_wconf 92' lang='grc'><strong>61</strong></span> <span class='ocrx_word' id='word_1_212' title='bbox 459 3877 642 3967; x_wconf 85' lang='lat' dir='ltr'><strong>privilegia,</strong></span> <span class='ocrx_word' id='word_1_213' title='bbox 665 3876 829 3943; x_wconf 88' lang='lat' dir='ltr'><strong>dictorum</strong></span> <span class='ocrx_word' id='word_1_214' title='bbox 861 3875 1088 3964; x_wconf 84' lang='lat' dir='ltr'><strong>religiosorum</strong></span> <span class='ocrx_word' id='word_1_215' title='bbox 1118 3876 1155 3941; x_wconf 91' lang='lat' dir='ltr'><strong>in</strong></span> <span class='ocrx_word' id='word_1_216' title='bbox 1177 3877 1258 3943; x_wconf 87' lang='lat' dir='ltr'><strong>cella</strong></span> <span class='ocrx_word' id='word_1_217' title='bbox 1289 3877 1448 3966; x_wconf 83' lang='lat' dir='ltr'><strong>praedieta</strong></span> 
     </span>
     <span class='ocr_line' id='line_1_31' title="bbox 404 3967 1446 4067; baseline -0.001 -20"><span class='ocrx_word' id='word_1_218' title='bbox 404 3980 444 4047; x_wconf 91' lang='lat' dir='ltr'><strong>de</strong></span> <span class='ocrx_word' id='word_1_219' title='bbox 481 3979 588 4061; x_wconf 85' lang='lat' dir='ltr'><strong>Furn’,</strong></span> <span class='ocrx_word' id='word_1_220' title='bbox 626 4001 726 4065; x_wconf 88' lang='lat' dir='ltr'><strong>quam</strong></span> <span class='ocrx_word' id='word_1_221' title='bbox 758 3967 921 4047; x_wconf 84' lang='lat' dir='ltr'><strong>ooirfessor</strong></span> <span class='ocrx_word' id='word_1_222' title='bbox 957 3978 1192 4061; x_wconf 83' lang='lat' dir='ltr'><strong>sanctissimus,</strong></span> <span class='ocrx_word' id='word_1_223' title='bbox 1216 3985 1251 4046; x_wconf 91' lang='lat' dir='ltr'><strong>et</strong></span> <span class='ocrx_word' id='word_1_224' title='bbox 1287 3987 1446 4067; x_wconf 88' lang='lat' dir='ltr'><strong>patronus</strong></span> 
     </span>
     <span class='ocr_line' id='line_1_32' title="bbox 401 4081 1447 4170; baseline 0 -22"><span class='ocrx_word' id='word_1_225' title='bbox 401 4087 520 4167; x_wconf 86' lang='lat' dir='ltr'><strong>noster,</strong></span> <span class='ocrx_word' id='word_1_226' title='bbox 544 4082 757 4161; x_wconf 81' lang='lat' dir='ltr'><strong>Outhbertus,</strong></span> <span class='ocrx_word' id='word_1_227' title='bbox 779 4103 838 4147; x_wconf 85' lang='lat' dir='ltr'><strong>sua</strong></span> <span class='ocrx_word' id='word_1_228' title='bbox 860 4081 1019 4170; x_wconf 75' lang='lat' dir='ltr'><strong>corporali</strong></span> <span class='ocrx_word' id='word_1_229' title='bbox 1050 4081 1227 4168; x_wconf 75' lang='lat' dir='ltr'><strong>praesentia</strong></span> <span class='ocrx_word' id='word_1_230' title='bbox 1257 4081 1447 4161; x_wconf 84' lang='lat' dir='ltr'><strong>illustravit,</strong></span> 
     </span>
     <span class='ocr_line' id='line_1_33' title="bbox 401 4182 1447 4274; baseline 0.001 -23"><span class='ocrx_word' id='word_1_231' title='bbox 401 4185 537 4264; x_wconf 88' lang='lat' dir='ltr'><strong>auferre,</strong></span> <span class='ocrx_word' id='word_1_232' title='bbox 560 4184 693 4264; x_wconf 82' lang='lat' dir='ltr'><strong>violare,</strong></span> <span class='ocrx_word' id='word_1_233' title='bbox 720 4182 783 4271; x_wconf 91' lang='lat' dir='ltr'><strong>[et]</strong></span> <span class='ocrx_word' id='word_1_234' title='bbox 809 4182 987 4272; x_wconf 86' lang='lat' dir='ltr'><strong>infringere</strong></span> <span class='ocrx_word' id='word_1_235' title='bbox 1010 4206 1078 4250; x_wconf 91' lang='grc'><strong>161</strong></span> <span class='ocrx_word' id='word_1_236' title='bbox 1110 4189 1290 4268; x_wconf 83' lang='grc'>66161161;</span> <span class='ocrx_word' id='word_1_237' title='bbox 1312 4190 1447 4274; x_wconf 87' lang='lat' dir='ltr'><strong>propter</strong></span> 
     </span>
     <span class='ocr_line' id='line_1_34' title="bbox 400 4285 1446 4375; baseline 0 -21"><span class='ocrx_word' id='word_1_238' title='bbox 400 4289 499 4375; x_wconf 91' lang='lat' dir='ltr'><strong>quod,</strong></span> <span class='ocrx_word' id='word_1_239' title='bbox 521 4309 589 4353; x_wconf 91' lang='lat' dir='ltr'><strong>non</strong></span> <span class='ocrx_word' id='word_1_240' title='bbox 619 4290 670 4353; x_wconf 87' lang='lat' dir='ltr'><strong>est</strong></span> <span class='ocrx_word' id='word_1_241' title='bbox 691 4285 830 4352; x_wconf 88' lang='lat' dir='ltr'><strong>dubium</strong></span> <span class='ocrx_word' id='word_1_242' title='bbox 853 4285 941 4373; x_wconf 86' lang='lat' dir='ltr'><strong>ipsos</strong></span> <span class='ocrx_word' id='word_1_243' title='bbox 960 4287 996 4351; x_wconf 92' lang='lat' dir='ltr'><strong>in</strong></span> <span class='ocrx_word' id='word_1_244' title='bbox 1020 4286 1153 4373; x_wconf 88' lang='lat' dir='ltr'><strong>majoris</strong></span> <span class='ocrx_word' id='word_1_245' title='bbox 1186 4289 1446 4355; x_wconf 84' lang='lat' dir='ltr'><strong>excommunica-</strong></span> 
     </span>
     <span class='ocr_line' id='line_1_35' title="bbox 399 4389 1496 4478; baseline 0.002 -22"><span class='ocrx_word' id='word_1_246' title='bbox 399 4391 502 4457; x_wconf 87' lang='lat' dir='ltr'><strong>tionis</strong></span> <span class='ocrx_word' id='word_1_247' title='bbox 518 4389 716 4457; x_wconf 85' lang='lat' dir='ltr'><strong>sententiam</strong></span> <span class='ocrx_word' id='word_1_248' title='bbox 738 4393 854 4455; x_wconf 84' lang='lat' dir='ltr'><strong>contra</strong></span> <span class='ocrx_word' id='word_1_249' title='bbox 876 4410 989 4455; x_wconf 91' lang='lat' dir='ltr'><strong>omnes</strong></span> <span class='ocrx_word' id='word_1_250' title='bbox 1011 4389 1228 4478; x_wconf 83' lang='lat' dir='ltr'><strong>infringentes</strong></span> <span class='ocrx_word' id='word_1_251' title='bbox 1246 4391 1325 4478; x_wconf 73' lang='lat' dir='ltr'><strong>jue</strong></span> <span class='ocrx_word' id='word_1_252' title='bbox 1347 4392 1446 4459; x_wconf 88' lang='lat' dir='ltr'><strong>ecole-</strong></span> <span class='ocrx_word' id='word_1_253' title='bbox 1492 4459 1496 4468; x_wconf 78' lang='grc'>,</span> 
     </span>
     <span class='ocr_line' id='line_1_36' title="bbox 400 4492 1446 4580; baseline 0.001 -21"><span class='ocrx_word' id='word_1_254' title='bbox 400 4493 531 4559; x_wconf 88' lang='grc'>61661166</span> <span class='ocrx_word' id='word_1_255' title='bbox 553 4498 587 4559; x_wconf 90' lang='grc'><strong>61</strong></span> <span class='ocrx_word' id='word_1_256' title='bbox 610 4503 661 4558; x_wconf 86' lang='grc'><strong>166</strong></span> <span class='ocrx_word' id='word_1_257' title='bbox 676 4493 901 4580; x_wconf 84' lang='lat' dir='ltr'><strong>religiosorum</strong></span> <span class='ocrx_word' id='word_1_258' title='bbox 925 4492 1118 4573; x_wconf 86' lang='lat' dir='ltr'><strong>auferentes,</strong></span> <span class='ocrx_word' id='word_1_259' title='bbox 1134 4493 1274 4561; x_wconf 88' lang='grc'>66161161</span> <span class='ocrx_word' id='word_1_260' title='bbox 1297 4499 1331 4561; x_wconf 92' lang='grc'><strong>61</strong></span> <span class='ocrx_word' id='word_1_261' title='bbox 1352 4495 1446 4560; x_wconf 87' lang='lat' dir='ltr'><strong>mali-</strong></span> 
     </span>
    </p>
   </div>
   <div class='ocr_carea' id='block_1_9' title="bbox 397 4594 1448 4786">
    <p class='ocr_par' dir='ltr' id='par_1_10' title="bbox 397 4594 1448 4786">
     <span class='ocr_line' id='line_1_37' title="bbox 397 4594 1446 4685; baseline 0.005 -26"><span class='ocrx_word' id='word_1_262' title='bbox 397 4595 573 4662; x_wconf 85' lang='grc'>11666161</span> <span class='ocrx_word' id='word_1_263' title='bbox 599 4594 704 4660; x_wconf 87' lang='grc'>661611</span> <span class='ocrx_word' id='word_1_264' title='bbox 730 4616 751 4658; x_wconf 89' lang='grc'><strong>6</strong></span> <span class='ocrx_word' id='word_1_265' title='bbox 776 4615 908 4676; x_wconf 85' lang='lat' dir='ltr'><strong>canone,</strong></span> <span class='ocrx_word' id='word_1_266' title='bbox 932 4595 1112 4662; x_wconf 85' lang='lat' dir='ltr'><strong>sedetiam</strong></span> <span class='ocrx_word' id='word_1_267' title='bbox 1127 4617 1186 4684; x_wconf 91' lang='lat' dir='ltr'><strong>per</strong></span> <span class='ocrx_word' id='word_1_268' title='bbox 1200 4597 1384 4685; x_wconf 86' lang='lat' dir='ltr'><strong>specialiter</strong></span> <span class='ocrx_word' id='word_1_269' title='bbox 1399 4598 1446 4664; x_wconf 86' lang='grc'><strong>616</strong></span> 
     </span>
     <span class='ocr_line' id='line_1_38' title="bbox 397 4695 1448 4786; baseline 0.005 -23"><span class='ocrx_word' id='word_1_270' title='bbox 397 4695 530 4767; x_wconf 80' lang='lat' dir='ltr'><strong>indultu</strong></span> <span class='ocrx_word' id='word_1_271' title='bbox 551 4696 734 4786; x_wconf 83' lang='lat' dir='ltr'><strong>privilegia,</strong></span> <span class='ocrx_word' id='word_1_272' title='bbox 750 4696 862 4779; x_wconf 88' lang='grc'>161661,</span> <span class='ocrx_word' id='word_1_273' title='bbox 886 4698 1118 4767; x_wconf 84' lang='lat' dir='ltr'><strong>danmubiliter</strong></span> <span class='ocrx_word' id='word_1_274' title='bbox 1138 4699 1301 4768; x_wconf 85' lang='lat' dir='ltr'><strong>incidisse.</strong></span> <span class='ocrx_word' id='word_1_275' title='bbox 1348 4701 1448 4768; x_wconf 86' lang='lat' dir='ltr'><strong>Unde</strong></span> 
     </span>
    </p>
   </div>
   <div class='ocr_carea' id='block_1_10' title="bbox 0 0 1759 5702">
    <p class='ocr_par' dir='ltr' id='par_1_11' title="bbox 0 0 1759 5702">
     <span class='ocr_line' id='line_1_39' title="bbox 0 0 1759 5702; baseline 0 0"><span class='ocrx_word' id='word_1_276' title='bbox 0 0 1759 5702; x_wconf 95' lang='lat' dir='ltr'><strong> </strong></span> 
     </span>
    </p>
   </div>
  </div>
 </body>
</html>
