3562 5710
424 795 512 860 1058
606 807 805 860 enemim
827 803 1030 858 PALATINUM
1052 805 1295 858 memnon

277 1005 397 1050 ali-1³1⁵·
423 989 461 1056 in
482 990 574 1058 ouria
594 995 708 1058 nostro
729 1011 836 1058 coram
862 989 965 1069 nobis,
988 989 1034 1058 sic
1056 989 1357 1072 indeterminatae
1380 987 1473 1055 curia
1488 997 1648 1054 sutrim

425 1091 491 1170 ino,
514 1113 588 1177 quae
610 1097 661 1158 est
683 1112 835 1180 suprema
849 1092 940 1159 curia
962 1096 1082 1170 nostra,
1097 1111 1202 1177 usque
1224 1089 1478 1178 supradictum

426 1194 695 1282 predecessorem
716 1198 865 1260 vestrum
895 1194 933 1258 in
954 1191 1045 1260 curia
1074 1213 1142 1271 sus,
1164 1213 1238 1278 quoe
1261 1191 1398 1258 inferior
1420 1196 1478 1269 cst,

428 1296 528 1364 missa
560 1294 704 1374 ioemmt
735 1299 849 1362 contra
878 1295 984 1382 legem
1017 1299 1052 1360 ct
1081 1293 1354 1362 consuetudinem
1385 1293 1479 1380 regui

430 1398 534 1468 nostri
565 1398 725 1466 hactenus
748 1397 898 1477 usitatas,
940 1417 1065 1462 errores
1103 1395 1228 1462 diversi
1258 1396 1480 1473 intraverunt,

432 1519 492 1586 per
521 1500 609 1584 quod
637 1499 727 1566 idem
761 1497 929 1566 Gatiridus
960 1496 1055 1564 nobis
1079 1497 1286 1584 supplicavit,
1326 1501 1373 1574 ut,
1411 1501 1481 1562 tam

430 1621 491 1686 pro
513 1600 615 1679 nobis,
638 1620 738 1685 quam
768 1623 826 1686 pro
848 1600 964 1686 seipso,
986 1599 1168 1666 remedium
1199 1620 1297 1686 super
1317 1598 1381 1666 hoc
1408 1597 1482 1663 fieri

432 1701 611 1782 faciumus;
635 1722 704 1780 nos,
738 1702 805 1787 qui,
837 1701 967 1766 ratione
1001 1700 1139 1766 dominii
1171 1700 1277 1768 nostri
1306 1699 1482 1786 superioris

434 1802 573 1890 ungubs
594 1803 635 1868 de
657 1823 764 1889 regno,
785 1805 899 1868 nostro
921 1823 1036 1868 sumus
1057 1803 1094 1870 iu
1116 1801 1322 1868 exhibitione
1339 1801 1483 1886 justicia

434 1904 607 1988 debitores,
621 1904 769 1971 volentes
784 1904 874 1991 qued
886 1903 1017 1990 justum
1030 1903 1134 1970 fuerit
1148 1903 1221 1968 fieri
1235 1904 1272 1968 in
1287 1903 1483 1989 praemissis3

435 2006 530 2074 vobis
543 2005 747 2086 mandamns,
770 1999 858 2092 quod
890 2006 1061 2072 recordum
1096 2011 1130 2073 et
1161 2026 1347 2092 processum
1379 2005 1483 2070 totius

434 2107 560 2194 negotii
589 2107 778 2193 supradicti,
803 2111 873 2172 tam
904 2129 943 2174 ea
973 2129 1048 2192 quoe
1071 2107 1230 2194 praedicto
1255 2106 1484 2194 predecessori

435 2214 547 2282 vestro
568 2207 730 2288 misimus,
751 2213 792 2275 ut
821 2212 874 2274 cst
893 2208 1029 2288 dictum,
1051 2229 1151 2294 quam
1173 2231 1212 2274 ea
1235 2229 1310 2295 quaa
1333 2208 1370 2276 in
1392 2209 1484 2276 euna

435 2333 494 2378 sua
516 2311 725 2398 postmodum
744 2311 861 2378 hebita
883 2312 1028 2389 fuerunt,
1043 2331 1119 2377 cum
1141 2311 1298 2378 brevibus
1321 2317 1356 2378 et
1378 2312 1483 2378 omni·

435 2413 497 2478 bus
511 2412 587 2480 otiis
601 2434 640 2478 aa
653 2413 876 2500 tangentibus,
893 2435 967 2499 quae
982 2413 1018 2480 in
1032 2415 1184 2480 custodia
1197 2418 1310 2480 vestra
1324 2413 1483 2492 existunt,

314 2563 320 2578 .
435 2514 539 2593 nobis,
554 2516 617 2581 sub
630 2515 738 2603 sigilio
753 2521 870 2596 vestro,
886 2516 1037 2592 mittetis,
1054 2520 1090 2582 et
1109 2517 1172 2583 hoc
1187 2515 1306 2596 breva;
1331 2515 1381 2582 ita
1396 2514 1484 2601 quod

436 2639 475 2684 ea
496 2617 674 2684 habeamus
696 2619 733 2682 in
756 2619 901 2685 crastino
915 2617 1123 2685 Ascensionis
1138 2617 1282 2694 Domini,
1297 2618 1484 2704 ubicunque

394 2794 396 2800 s
434 2725 516 2786 tunc
537 2719 697 2785 fuerimus
719 2719 756 2783 in
777 2719 920 2807 Anglie3
950 2724 997 2798 ut,
1020 2718 1086 2784 hiis
1108 2719 1273 2806 inspectis,
1296 2719 1427 2807 plenius
1450 2725 1485 2786 et

435 2821 641 2902 examinatis,
664 2821 804 2886 ulterius
834 2843 932 2908 super
952 2821 1014 2887 hoc
1036 2821 1109 2888 fieri
1130 2821 1298 2902 facimus,
1329 2821 1418 2908 quod
1439 2821 1481 2887 dc

431 2921 508 3006 jure
538 2922 608 2986 fore
638 2921 818 2988 viderimus
846 2923 1044 2990 faciendum.
1090 2923 1188 2989 Teste
1218 2923 1355 3011 meipso,
1391 2923 1480 3010 apud

436 3021 773 3102 westmonasterium,
789 3021 997 3092 secundo'die
1013 3023 1136 3106 Martii,
1158 3046 1246 3093 anno
1269 3025 1363 3114 regni
1378 3025 1485 3092 nostri

436 3129 565 3192 octavo.

267 3331 404 3431 r'ptppffig
436 3351 693 3419 mmm,
771 3325 963 3405 Edwardus,
996 3327 1060 3392 Dei
1091 3329 1207 3416 gratia,
1246 3351 1306 3396 rex
1343 3329 1483 3418 Angliae,

267 3433 423 3530 fflffi„
436 3419 521 3471 mnne
531 3422 554 3471 10
565 3421 682 3486 Essslffl·
726 3426 879 3492 dominus
912 3427 1091 3508 Hibernia,
1122 3435 1157 3497 et
1188 3431 1258 3496 dux
1280 3431 1482 3519 Aquitania,

269 3532 363 3578 Johnlo
437 3525 618 3591 venerabiii
638 3525 676 3590 in
691 3526 823 3595 Christo
842 3529 939 3615 patri,
963 3530 1112 3614 sicardo,
1136 3533 1250 3600 eadem
1275 3534 1392 3621 gratis,
1415 3535 1484 3622 epi·

268 3581 374 3638 mlm
436 3647 532 3714 scopo
557 3627 782 3708 Dunolmensi,
805 3629 954 3698 sciutem.
1000 3631 1202 3700 Monstravit
1226 3634 1322 3728 nobie
1344 3635 1484 3704 dilectus

438 3733 472 3792 ct
501 3727 606 3794 fidelis
628 3734 748 3810 noster,
772 3731 940 3798 Johannes
972 3732 1003 3800 le
1029 3735 1182 3822 Engleys,
1207 3737 1394 3822 quodcum
1419 3738 1486 3802 Ro·

437 3827 551 3895 bertus
566 3828 607 3894 de
630 3829 784 3914 Olifford’,
799 3833 879 3899 dum
894 3834 990 3918 vixit,
1008 3842 1141 3902 centum
1156 3837 1313 3906 solidatas
1327 3840 1485 3919 redditus,

439 3951 512 3996 cum
534 3931 753 4020 pertinentiis,
775 3934 813 3999 in
844 3937 991 4003 manerio
1024 3958 1084 4004 suo
1117 3938 1159 4004 dc
1182 3938 1287 4019 Hert',
1309 3942 1398 4028 quod
1432 3945 1484 4008 est

436 4031 525 4100 infra
552 4033 741 4101 libertatem
762 4040 907 4103 vestram
933 4039 1198 4122 Dunolmsnsem,
1221 4041 1263 4106 da
1285 4042 1484 4128 quibusdam

437 4131 627 4201 tenentibus
650 4137 718 4202 suis
739 4137 885 4224 ejusdam
918 4141 1057 4208 manerii
1079 4142 1314 4230 percipiendas,
1337 4145 1478 4233 praefato

436 4235 583 4302 Johanni
605 4237 648 4302 ad
669 4238 775 4306 vitam
797 4261 890 4307 suam
913 4243 1129 4324 concessisset,
1144 4244 1309 4334 iidemque
1331 4252 1484 4314 tenentes

436 4359 470 4404 se
503 4339 591 4407 dieto
613 4338 760 4406 Johanni
782 4343 823 4409 de
853 4345 987 4410 redditu
1023 4346 1089 4426 illo,
1112 4345 1238 4416 virtute
1265 4351 1482 4418 concessionis

434 4440 533 4524 illius,
557 4446 788 4526 attornassent‚
811 4451 845 4510 et
877 4446 947 4534 ipse
970 4447 1046 4516 inde
1069 4471 1128 4538 per
1158 4473 1276 4516 manua
1304 4454 1482 4519 eorundem

435 4543 618 4609 tenentium
631 4546 762 4612 saisitus
772 4547 904 4634 pacifica
920 4549 1089 4616 extitisset
1103 4574 1163 4639 per
1177 4573 1335 4642 magnum
1344 4559 1485 4643 tempus,

435 4649 612 4731 antequam
636 4647 677 4712 da
699 4647 772 4734 ipso
795 4649 939 4718 Roberto
961 4651 1155 4722 humanitus
1177 4657 1401 4746 contingebat,
1424 4677 1485 4724 vos
