3506 5702
493 805 692 858 arcrsrauu
714 803 917 858 rnnsrmuu
940 806 1179 858 nurnmrrsr.
1297 790 1361 861 745

145 1015 303 1075 anonas.
315 994 529 1087 injungendo,
544 1001 737 1065 mandamus
749 1003 911 1086 quatenus
927 1019 1040 1066 omnes
1063 1005 1096 1064 et
1119 998 1264 1086 singulos
1279 995 1361 1064 dicti
1391 1013 1514 1060 annia

317 1097 437 1186 flagitii
467 1107 703 1191 perpetratores
735 1123 794 1188 per
816 1105 883 1167 tres
915 1101 985 1166 dies
1019 1101 1217 1179 Dominioos,
1240 1107 1279 1166 ut
1309 1108 1359 1166 eet

317 1203 426 1283 moris,
448 1204 576 1292 publice
609 1205 780 1282 moneatis,
803 1209 837 1269 et
858 1203 1056 1282 solemniter,
1079 1202 1115 1267 in
1138 1204 1272 1270 ecclesia
1293 1225 1360 1270 mc·
1422 1241 1493 1294 ΜΗ,

318 1313 452 1385 morata,
475 1309 561 1393 quod
583 1307 775 1392 hujusmodi
806 1305 901 1384 ostia,
924 1306 1092 1384 fenestras,
1115 1326 1253 1386 mensas,
1285 1329 1364 1372 vasa

317 1414 351 1474 ct
372 1409 537 1487 utensilia,
559 1407 647 1473 infra
668 1413 796 1474 certum
811 1411 981 1492 reportent
1003 1408 1191 1485 terminum,
1215 1413 1249 1473 et
1271 1431 1364 1495 repo-

314 1517 466 1589 nautae
499 1511 566 1576 alia
596 1512 720 1576 damna
744 1509 889 1596 irrogata
919 1511 1098 1575 resarciant
1131 1515 1363 1596 competenter,

314 1613 460 1698 alioquin
494 1613 582 1699 ipsos
606 1616 729 1677 extunc
759 1610 873 1676 diebus
896 1610 1078 1676 Dominicis
1101 1615 1136 1676 et
1167 1611 1304 1690 festivis,
1327 1614 1364 1677 in

313 1716 470 1801 praediota
501 1715 643 1793 ecclesia,
665 1713 804 1800 pulsatis
838 1712 1013 1798 campanis,
1044 1713 1186 1779 accensis
1219 1715 1363 1780 candelis

314 1822 347 1882 et
369 1817 535 1894 extinctis,
556 1816 647 1881 intra
668 1816 842 1880 missarum
865 1815 1030 1893 solemnia,
1054 1837 1127 1880 cum
1152 1814 1257 1901 major
1277 1816 1363 1881 inibi

313 1919 445 1985 affuerit
467 1917 579 2005 populi
594 1917 783 1996 multitudo,
800 1917 1098 1983 excommunicatos
1113 1939 1183 1982 esse
1205 1922 1240 1982 et
1260 1918 1362 1984 fuisse

313 2021 442 2106 publice
465 2026 500 2086 et
533 2020 722 2086 solemniter
742 2018 926 2098 nuncietis;
949 2019 991 2082 ab
1013 2019 1204 2102 hujusmodi
1238 2020 1364 2084 denun-

312 2123 453 2188 ciatione
474 2144 544 2186 non
565 2125 737 2197 cessantes,
761 2121 865 2185 donec
888 2119 972 2184 dicti
993 2118 1217 2185 malefactores
1240 2123 1365 2205 resipu-

313 2225 409 2300 erint,
431 2228 466 2288 et
489 2243 645 2306 congrue¹
662 2221 883 2286 satisfecerint
906 2221 946 2285 de
976 2221 1160 2306 praemissis,
1185 2225 1243 2285 aut
1274 2221 1365 2286 aliud

314 2349 335 2390 a
364 2324 459 2389 nobis
497 2345 594 2409 super
630 2323 692 2388 hoc
728 2321 909 2387 habueritis
946 2321 983 2385 in
1019 2321 1192 2388 mandatis.
1238 2321 1364 2388 Valete.

315 2426 441 2490 Datum
464 2424 554 2510 apud
577 2423 740 2503 Stokton',
755 2435 828 2489 κιο.
852 2423 905 2488 dia
928 2423 1088 2503 Octobris,
1112 2425 1365 2491 consecrationis

315 2533 437 2594 nostrae
459 2547 546 2592 anno
569 2526 692 2612 quinto.

315 2764 581 2816 Codanoviosrraene
658 2729 829 2809 Ricardus,
863 2730 1077 2815 permissione
1110 2729 1234 2810 divina,
1267 2732 1362 2796 Dun-
1375 2745 1489 2842 capum

314 2832 531 2884 Ovemoneserive.
614 2831 767 2898 olmensis
791 2831 968 2917 episcopus,
985 2832 1104 2897 dilecto
1126 2833 1204 2912 filio,
1228 2833 1362 2898 domino
1374 2847 1467 2940 Prason
1477 2851 1501 2892 to

314 2933 456 2998 Ricardo
472 2932 584 2998 dicto‘
586 2924 768 3020 ‘Pygecn,’'
784 2932 950 3020 capellano
966 2933 1007 2998 de
1023 2934 1197 3015 Dunelmo,
1213 2935 1300 3001 salut
1285 2940 1351 3001 tem
1355 2897 1528 3050 ,Ξὲἒῖῗῗ

313 3034 456 3122 gratiam
479 3041 513 3099 et
535 3035 699 3100 benedict’
675 3040 807 3100 t.10nem
864 3035 917 3098 Ex
947 3035 1075 3100 meritis
1098 3037 1176 3115 tuis,
1199 3042 1234 3102 et
1257 3037 1363 3102 virtu-

314 3142 386 3203 tum
408 3135 582 3222 suffragiis,
605 3136 733 3222 quibus,
756 3158 777 3201 a
805 3135 899 3200 mult'
876 3140 918 3200 trs
948 3137 1153 3224 temporibus
1181 3139 1362 3218 retroact1s,

313 3244 374 3306 tua
396 3237 566 3306 familiaris
597 3237 801 3303 conversatio
833 3241 868 3302 te
901 3238 1046 3304 reddidit
1076 3238 1270 3325 gratiosum,
1294 3240 1364 3304 ani-

313 3363 387 3406 mus
409 3345 520 3406 noster
542 3339 693 3427 pulsatur
714 3339 906 3420 instantius,
930 3345 970 3404 ut
992 3361 1165 3426 personam
1191 3345 1284 3404 tuam
1307 3363 1364 3426 pa-

313 3449 408 3510 terna
431 3446 647 3529 prosequatur
667 3441 909 3516 benevolentia,
925 3445 959 3506 et
982 3462 1053 3505 eam
1073 3441 1207 3506 attollat
1226 3441 1365 3506 ulterius

314 3545 445 3611 honoris
467 3544 577 3632 gratia
600 3543 756 3628 specialis.
804 3543 879 3607 Tibi
908 3542 1013 3628 igitur
1042 3542 1199 3607 vicariam
1222 3543 1365 3610 ecclesiae

313 3649 355 3713 de
379 3645 668 3731 Overeonesclyve,
683 3648 865 3724 vacantem,
880 3649 915 3709 et
937 3644 980 3708 ad
994 3650 1140 3718 nostram
1156 3645 1365 3712 collationem

309 3750 384 3835 jure
406 3749 503 3834 pleno
527 3753 740 3834 spectantem,
763 3768 836 3812 curn
867 3746 1029 3812 universis
1051 3745 1183 3832 juribus
1206 3753 1241 3813 et
1263 3749 1364 3835 perti-

315 3852 439 3916 nentiis
453 3852 529 3931 suis,
546 3855 661 3917 tenore
675 3849 897 3937 praesentium,
912 3848 1117 3927 conferimus,
1132 3851 1259 3915 intuitu
1282 3852 1364 3914 cari-

316 3952 406 4029 tatis,
429 3957 526 4038 teque
549 3952 589 4017 de
618 3952 742 4017 eisdem
771 3971 831 4038 per
860 3955 1011 4017 nostrum
1037 3952 1199 4016 annulum
1222 3973 1365 4038 praesen·

316 4054 444 4121 tialiter
464 4054 666 4120 investimus.
721 4053 776 4117 Ita
798 4057 920 4130 tamen,
936 4053 1025 4139 quod
1057 4053 1093 4116 in
1124 4053 1245 4130 eadem,
1264 4055 1365 4139 juxta

316 4155 588 4223 constitutionem
609 4153 711 4240 legati
733 4175 831 4241 super
853 4153 916 4218 hoc
939 4154 1071 4230 editam
1094 4155 1309 4240 personaliter
1331 4162 1366 4222 et

317 4259 473 4326 continue
495 4257 647 4336 resideas,
669 4277 707 4320 ac
737 4277 836 4321 onera
866 4255 972 4322 eidem
1003 4255 1232 4322 incumbentia
1254 4257 1365 4325 debite

318 4361 480 4428 sustineas
502 4362 537 4425 et
560 4361 739 4445 supportes.
793 4357 836 4420 In
866 4355 959 4441 cujus
988 4355 1036 4420 rei
1070 4356 1306 4438 testimonium,
1322 4360 1365 4424 si-

317 4464 433 4552 gillum
470 4465 622 4527 nostrum
658 4457 876 4546 praesentibus
913 4464 963 4523 est
993 4445 1180 4544 appensum.
1240 4461 1365 4529 Datum

318 4567 406 4653 apud
429 4563 593 4640 Stekton’,
617 4559 701 4627 xix⁰.
725 4561 777 4626 die
792 4561 912 4626 mensis
936 4559 1095 4640 Octobris,
1119 4583 1205 4629 anno
1228 4563 1364 4632 Domini

317 4664 522 4746 u⁰.coc⁰.xv⁰.,
544 4669 580 4732 et
602 4663 852 4732 consecrationis
873 4667 993 4730 nostrae
1016 4663 1143 4750 quinto.
