3530 5708
385 720 451 781 820
563 729 762 780 nnslsunuu
784 725 986 778 Psmumuu
1008 725 1253 777 nnuueuuusn.

236 929 292 972 A-12-
300 931 357 974 ¹³¹&
380 917 481 1002 juxta
502 916 697 1001 qualitatem
712 914 815 1000 ipsius
837 912 971 1000 negotii,
987 916 1022 978 et
1043 915 1208 988 naturam,
1224 907 1312 994 quod
1330 905 1430 993 justi·
1442 913 1603 967 sennen.

385 1018 434 1084 tie
455 1017 627 1098 suadebit;
648 1015 777 1102 publice
797 1014 1031 1080 denunciantes
1053 1011 1277 1088 nihilominus,
1291 1008 1379 1095 quod
1400 1008 1430 1072 ei

385 1126 465 1185 tunc
485 1140 553 1184 non
569 1117 731 1194 venerint,
752 1117 840 1204 ipsos
862 1116 906 1180 ab
929 1112 1216 1180 administratione
1238 1109 1428 1196 hujusmodi

386 1220 604 1298 excludemus,
619 1224 654 1284 et
675 1217 831 1284 faciemus
854 1222 972 1283 ceetera
988 1237 1063 1301 quae
1078 1213 1163 1280 circa
1177 1212 1345 1300 praemissa
1359 1211 1429 1276 fue·

386 1323 455 1388 rint
476 1322 626 1387 faciende
638 1347 646 1402 ;
676 1320 893 1387 certificantes
918 1339 987 1396 nos,
1001 1321 1062 1382 eut
1087 1314 1322 1381 commissarios
1355 1334 1429 1378 nos-

386 1428 463 1502 tros,
478 1443 574 1510 super
589 1421 759 1508 praesentis
774 1418 967 1487 executione
982 1417 1140 1496 mandati,
1155 1417 1198 1482 ad
1214 1415 1320 1482 dictos
1342 1415 1429 1480 diem

386 1529 421 1590 et
434 1525 513 1604 loen,
529 1544 587 1608 per
609 1530 684 1589 tuas
707 1525 860 1608 patentes
881 1521 1004 1598 lituae,
1026 1539 1100 1605 quae
1115 1517 1233 1583 harum
1248 1515 1365 1582 seriem
1381 1536 1430 1579 re-

385 1629 592 1713 praesentent
637 1624 763 1691 Valete.
807 1622 934 1688 Datum
955 1619 1047 1708 apud
1069 1618 1225 1706 Rychals‚
1248 1617 1355 1705 primo
1377 1617 1432 1682 die

385 1727 538 1814 Augusti,
561 1723 812 1792 consecrationis
833 1726 1068 1798 nostrueanno
1092 1725 1195 1788 sexto.

221 1942 375 1988 murnum
531 1881 534 1890 ³
730 1926 1016 1992 Revereudissimo
1042 1926 1078 1990 in
1109 1925 1241 1993 Christo
1264 1925 1360 2012 patri,
1376 1924 1433 1989 do·

219 1994 355 2087 penultimi
388 1995 522 2060 Inquisitio
565 2001 640 2058 capta
718 2028 725 2042 .
837 2029 844 2042 .
1031 2027 1038 2041 .
1106 2049 1113 2065 ·
1152 2027 1159 2041 .
1419 2025 1426 2040 .

237 2043 461 2137 ,υοῑιιιιεὲξοωψΘΣ
476 2061 571 2111 vienna
602 2062 633 2110 d,
682 2049 772 2094 mmo
804 2028 954 2108 Ricardo,
977 2027 1041 2092 De1
1072 2027 1429 2114 gintla,Dunolmene1

219 2105 364 2198 diffuse.
388 2127 550 2194 nelingnam.
683 2130 840 2218 episcopo,
856 2149 934 2194 suus
950 2128 1083 2194 humilis
1098 2132 1133 2194 et
1144 2128 1292 2207 devotus,
1308 2128 1433 2193 domini

387 2231 606 2298 archidiaconi
638 2229 888 2296 Nerthumbriae
1017 2229 1172 2309 officialis,
1204 2229 1433 2308 obedientiam,

387 2334 614 2413 reverentiam,
639 2332 764 2419 pariter
794 2339 829 2397 et
859 2332 1022 2398 honorem.
1068 2331 1263 2398 Mandatum
1285 2337 1432 2397 vestrum

387 2434 603 2501 reverendum
625 2454 731 2521 nuper
748 2433 865 2520 recepi,
879 2434 916 2499 in
930 2431 1001 2500 haec
1016 2433 1117 2499 verbe
1129 2433 1344 2499 :—Ricardus
1366 2437 1435 2510 etc,

387 2536 508 2603 dilecto
537 2536 607 2601 filio
742 2535 970 2602 archidiacono
1003 2535 1261 2612 Nerthumbriae,
1283 2534 1337 2600 vel
1363 2533 1436 2618 ejus

387 2637 526 2716 officiali,
540 2637 688 2716 salutem,
704 2641 765 2704 etc.
813 2638 1101 2704 Praesentaverunt
1123 2637 1216 2702 nobis
1232 2637 1343 2703 dilecti
1364 2635 1435 2714 filii,

388 2789 395 2806 .
411 2791 418 2806 .
437 2787 445 2804 .
461 2739 551 2824 pn'or
564 2743 599 2804 et
620 2744 802 2805 conventus
824 2738 964 2806 ecclesiae
985 2744 1106 2806 noetrae
1121 2737 1363 2816 Dunolmeneis,
1379 2737 1435 2804 do·

390 2838 712 2905 minum'Robertum
730 2840 771 2906 de
783 2841 983 2907 Esshenden'
998 2841 1040 2906 ad
1057 2840 1214 2907 vicaiiam
1230 2840 1373 2906 ecclesiae
1395 2839 1437 2904 dc

388 2941 597 3027 Edlinghem‚
608 2947 790 3022 vacantem,
805 2949 874 3020 etc,
885 2949 924 3010 ut
937 2965 1054 3030 sowa,
1068 2943 1112 3009 iot
1120 2942 1239 3029 souma
1253 2939 1436 3010 communi.

389 3043 545 3129 -Hujus
574 3044 678 3131 igitur
700 3045 899 3112 suctorstate
929 3045 1086 3125 mandati,
1109 3044 1145 3110 in
1174 3044 1309 3111 ecclesia
1340 3044 1436 3110 Beati

390 3143 544 3212 Nicholai
565 3145 607 3211 de
633 3145 731 3212 Novo
754 3147 872 3214 Castro
893 3169 992 3234 super
1016 3147 1154 3234 Tynam,
1177 3147 1245 3212 xix.
1268 3147 1334 3214 kal
1357 3145 1437 3232 Sep·

389 3248 538 3326 tembris,
569 3269 657 3315 anno
691 3248 827 3314 Domini
864 3249 1037 3314 millesimo
1075 3261 1176 3316 cccm0.
1208 3247 1437 3327 sextodecimo,

390 3348 583 3437 diligentem
605 3348 667 3416 feci
688 3349 945 3436 inquisitionem,
960 3371 1019 3436 per
1033 3350 1191 3428 dominos,
1207 3349 1373 3436 Rogerum
1396 3348 1437 3414 de

391 3450 539 3532 Bothcle,
555 3451 729 3538 Hugonem
746 3451 787 3517 de
803 3449 1055 3538 Qwelpington’,
1065 3451 1271 3518 eeclesiarum
1286 3455 1438 3527 rectores,

390 3571 429 3617 ao
444 3573 501 3638 per
516 3552 666 3618 dominos
681 3550 867 3618 Galfiidum
889 3553 930 3617 de
955 3552 1160 3633 Wodehorn',
1178 3551 1380 3616 Willelmum
1396 3551 1437 3615 de

391 3651 489 3718 Novo
513 3653 637 3731 Castro,
659 3652 847 3720 Jollannem
882 3654 924 3719 de
947 3653 1141 3732 Pontelaud,
1164 3653 1364 3719 Willelmum
1395 3653 1437 3717 de

392 3752 614 3832 Oholverton’,
646 3754 830 3820 Walterum
868 3754 908 3820 de
946 3754 1118 3835 Alneham,
1157 3756 1359 3821 Willelmum
1397 3755 1438 3820 de

391 3853 546 3943 Oorbriff,
583 3854 772 3942 Philippum
806 3856 847 3922 de
883 3855 1019 3922 Neuton
1056 3858 1092 3922 in
1125 3857 1293 3936 (tlemus,
1315 3862 1349 3923 et
1371 3856 1440 3924 Gil-

391 3956 522 4024 bertum
545 3957 586 4022 dc
610 3956 810 4035 Neubourn',
831 3956 1038 4023 ecclesiarum
1060 3958 1209 4040 vicarios,
1233 3979 1359 4026 necnon
1381 3980 1440 4046 per

391 4057 416 4122 J
417 4058 580 4134 ohannem
602 4058 807 4145 capellanum
834 4059 1052 4145 parochialem
1075 4059 1116 4126 de
1140 4060 1321 4127 Bottehale
1372 4060 1438 4142 Qui

386 4159 492 4244 julati
523 4160 648 4239 dicunt,
671 4161 758 4245 quod
780 4160 904 4226 vicaria
934 4161 975 4226 de
1010 4159 1210 4248 Edlingham
1246 4161 1380 4250 [vacat],
1403 4168 1438 4229 et

390 4262 523 4328 vacavit
545 4284 566 4326 a
587 4262 641 4327 die
664 4262 802 4328 Sabbati
824 4263 974 4349 proxima
995 4268 1070 4349 poet
1092 4263 1213 4329 festum
1242 4265 1436 4332 Sanctorum

391 4362 535 4428 Processi
549 4367 585 4427 et
600 4362 804 4442 Martiniani,
819 4385 907 4430 anno
929 4365 1127 4451 supradicto,
1144 4387 1202 4452 per
1223 4371 1362 4432 mortem
1377 4367 1436 4432 do·

391 4463 474 4526 mini
497 4463 634 4528 Roberti
657 4463 697 4528 de
720 4465 965 4553 Raynyngton’‚
982 4466 1149 4554 capellani,
1173 4467 1298 4532 dudum
1324 4467 1436 4534 vicarii

391 4562 546 4647 ejusdem.
591 4565 719 4632 Dicunt
752 4568 862 4646 etiem,
884 4569 972 4656 quod
1006 4569 1095 4656 prior
1126 4575 1160 4637 et
1182 4577 1364 4638 conventus
1386 4593 1436 4638 ec-
