3570 5718
512 841 711 892 camorana
734 835 937 892 ramrrrua
958 839 1205 892 nnnmrrarsc.
1318 823 1385 894 867

164 1029 380 1105 anamalsis
401 1031 438 1095 in
448 1029 583 1116 justitia
596 1029 781 1096 exhibenda
794 1029 904 1096 deesse
925 1050 994 1094 non
1016 1049 1195 1115 possumus,
1208 1048 1269 1095 nec
1290 1029 1386 1094 debe-
1413 1038 1469 1083 tl>-
1477 1041 1534 1084 1⁸12

334 1153 428 1212 mus3
457 1131 552 1198 vobis
587 1131 859 1213 mandaverimus,
889 1131 978 1218 quod
1014 1131 1043 1197 si
1080 1131 1130 1198 ita
1173 1136 1267 1210 esset,
1304 1136 1385 1198 tunc

336 1234 505 1299 recordum
528 1237 562 1298 et
584 1253 767 1319 processum
789 1231 929 1318 loqualae
944 1231 1118 1319 praedicta,
1134 1253 1209 1299 cum
1231 1230 1384 1300 omnibus

336 1356 376 1400 ea
419 1334 642 1422 tangentibus,
679 1335 857 1399 mitteretis
889 1333 1083 1419 justiciariis
1127 1333 1259 1411 nostris,
1296 1334 1385 1420 apud

306 1455 308 1460 ’
336 1435 675 1513 westmonasterium,
690 1435 727 1499 in
742 1434 867 1501 octabis
890 1435 1022 1502 Sanctae
1038 1433 1212 1500 Trinitatis
1235 1435 1384 1520 proximo

335 1537 522 1623 praeteritis,
553 1541 589 1602 et
622 1535 711 1622 quod
735 1535 819 1602 scire
849 1535 999 1602 faceretis
1027 1535 1195 1622 praedictis
1210 1535 1385 1614 Willelmo,

336 1637 496 1703 Nicbolao
519 1641 554 1703 et
584 1635 733 1703 iohanni
764 1638 804 1704 de
827 1637 985 1716 Kellawe,
1008 1637 1097 1724 quod
1119 1640 1227 1704 essent
1260 1636 1308 1702 ibi
1339 1636 1383 1702 ad

336 1737 424 1804 diem
455 1739 559 1820 illum,
583 1739 626 1803 erl
660 1737 847 1804 faciendum
870 1743 905 1804 et
924 1738 1149 1825 recipiendum
1172 1737 1261 1824 quod
1291 1739 1383 1804 curia

335 1844 449 1905 nostra
463 1839 721 1907 consideraverit
742 1839 779 1904 in
800 1839 986 1926 praemissis,
1001 1860 1062 1905 vos
1084 1839 1170 1904 nihil
1189 1838 1269 1908 inde
1290 1839 1385 1906 lecis-

335 1941 389 2018 tis,
411 1963 471 2008 nec
492 1941 592 2007 breve
614 1944 761 2006 vestrum
795 1940 962 2027 originale,
986 1939 1075 2025 quod
1106 1939 1266 2026 praedicta
1298 1939 1384 2006 Lora

336 2042 413 2109 inde
436 2042 567 2120 detulit,
589 2042 627 2106 in
649 2043 741 2107 curia
771 2047 892 2121 vestra,
913 2062 1029 2108 versus
1059 2042 1147 2128 ipsos
1169 2039 1381 2122 willelmum,

337 2143 542 2222 Nicbolaum‚
565 2147 601 2210 et
633 2141 657 2208 J
659 2143 820 2209 ohannem
855 2144 897 2208 de
928 2141 1084 2218 Kellawe,
1107 2139 1255 2230 praefatis
1283 2140 1384 2226 justi·

336 2245 444 2310 ciariis
477 2245 607 2323 nostris,
630 2243 719 2331 apud
741 2243 1079 2321 westmonasterium,
1102 2242 1145 2307 ad
1166 2242 1255 2308 diem
1286 2241 1381 2308 illum

337 2346 482 2426 misistis,
522 2346 608 2413 sicam
640 2345 736 2411 vobis
775 2345 967 2410 mandatnm
1000 2343 1074 2421 fuit,
1112 2349 1147 2410 et
1185 2344 1259 2410 ideo
1287 2343 1383 2410 vobis

336 2447 540 2530 mandamns,
564 2448 650 2513 sicut
673 2447 763 2524 alias,
787 2445 882 2511 vobis
913 2445 1191 2522 mandaverimus,
1212 2445 1300 2531 quod
1334 2465 1383 2510 re-

336 2549 470 2614 cordum
492 2554 527 2616 at
548 2569 732 2636 processum
765 2546 906 2632 loquelae
927 2546 1103 2634 praedictae,
1125 2568 1200 2612 cum
1230 2545 1384 2611 omnibus

337 2671 376 2716 ea
400 2650 623 2738 tangentibus,
651 2647 846 2734 justiciariis
879 2647 1010 2726 nostris,
1032 2647 1121 2735 apud
1154 2639 1374 2714 Westmcnas-

336 2751 468 2836 terium,
491 2751 528 2815 in
550 2749 675 2816 octabis
706 2749 820 2815 Sancti
842 2747 866 2814 J
868 2746 1008 2814 ohannis
1028 2747 1201 2836 Baptistae,
1224 2748 1377 2828 mittatis,

335 2857 376 2918 nt
398 2853 471 2939 ipsi,
494 2851 649 2939 inspectis
671 2849 793 2918 eisdem
814 2850 948 2916 recordo
982 2855 1017 2917 et
1038 2871 1197 2936 processu,
1228 2855 1305 2938 part
1291 2850 1381 2916 tibus

335 2954 472 3019 ulterius
505 2953 583 3019 inde
614 2953 746 3036 faciant,
770 2952 858 3038 quod
882 2951 966 3016 de
951 2973 1026 3037 Jure
1048 2951 1150 3018 fuerit
1183 2951 1379 3018 racionem.

335 3056 381 3121 Et
402 3056 485 3121 scire
517 3055 647 3121 faciatis
679 3053 855 3150 praedictis
870 3052 1044 3128 Willelmo,
1066 3053 1237 3133 Nicholao,
1259 3060 1295 3120 et
1317 3050 1377 3120 Jo-

335 3155 438 3221 hanni
461 3155 502 3222 de
536 3156 693 3240 Kellawe,
717 3155 807 3243 quod
841 3155 910 3221 sint
932 3155 982 3221 ibi
1012 3155 1056 3222 ed
1090 3155 1176 3222 diem
1209 3155 1312 3235 illum,
1335 3155 1379 3221 ad

334 3257 521 3323 faciendum
543 3261 579 3322 et
600 3257 823 3346 recipiendum
838 3257 926 3342 qnod
949 3255 1040 3322 curia
1061 3261 1175 3323 nostra
1198 3257 1382 3324 considera-

336 3359 454 3425 verit
444 3380 481 3423 ιιι
495 3355 676 3446 praemissis.
714 3358 760 3425 Et
781 3358 893 3424 aciatis
916 3357 1052 3444 quod
1018 3357 1083 3422 mai
1105 3357 1167 3424 hoc
1188 3357 1382 3424 mandatum

336 3465 486 3526 nostrum
507 3460 638 3547 plenius
660 3459 877 3546 exequamini‚
893 3458 1040 3545 graviter
1062 3458 1105 3523 ad
1128 3479 1187 3524 vos
1210 3458 1381 3545 capiemus

334 3560 382 3626 Et
402 3560 552 3628 habeatis
578 3559 626 3625 ibi
648 3560 710 3628 hoc
733 3561 840 3642 breve,
864 3564 900 3625 ct
921 3560 1023 3624 breve
1051 3563 1199 3624 vestrum
1222 3559 1381 3646 originale

233 3669 235 3674 '
335 3657 538 3743 praedictum.
584 3657 690 3735 Teste,
711 3655 762 3724 W.
785 3657 826 3722 de
849 3655 1023 3735 Bereford',
1044 3655 1134 3744 apud
1157 3655 1382 3724 westmonas-

336 3758 466 3836 terium,
489 3758 563 3843 iiij0.
587 3758 641 3824 die
663 3757 770 3836 Junii,
791 3778 879 3823 anno
901 3756 993 3843 regni
1015 3760 1128 3824 nostro
1150 3758 1276 3846 quinto.

335 3998 476 4048 scurnum
553 3957 737 4026 Recordum
759 3963 794 4025 et
809 3979 994 4045 processum
1009 3958 1148 4044 loquelae
1169 3959 1260 4026 inter
1272 3961 1527 4077 partesfflgp

335 4063 454 4128 aarum
509 4061 546 4126 in
567 4061 663 4126 brevi
685 4063 867 4138 contentas,
881 4058 976 4124 Alias
998 4063 1076 4124 ante
1107 4058 1229 4124 festum
1252 4057 1383 4124 Sancta
1396 4071 1535 4134 cauam.

335 4163 518 4241 Trinitatis,
539 4161 753 4228 liberavimus
768 4160 887 4226 nuncio
910 4160 979 4225 dict
964 4163 1009 4224 tae
1024 4159 1126 4241 Low,
1142 4160 1209 4244 qui
1224 4180 1267 4225 ex
1289 4121 1530 4244 partc⁸⁰¹¹¹⁸m⁸

338 4265 492 4350 ejusdem,
515 4263 614 4330 breve
638 4262 763 4327 domini
793 4259 880 4347 ragis
911 4259 1007 4325 nobis
1041 4257 1165 4325 detulit
1186 4260 1227 4324 de
1258 4259 1382 4325 eisdem

335 4365 469 4432 recordo
491 4369 527 4431 et
559 4383 712 4451 processu
734 4383 843 4427 coram
876 4359 1041 4426 vobismr
1031 4359 1209 4439 ttendia'
1200 4382 1236 4425 m
1259 4360 1384 4426 octabis

336 4465 467 4532 Sanctae
490 4465 683 4543 Trinitatis;
707 4467 741 4528 et
755 4459 947 4528 tenentibus
962 4461 1128 4549 praedictis
1143 4461 1186 4526 ad
1208 4466 1289 4527 tunc
1303 4463 1384 4526 scire

334 4566 478 4650 facimus,
502 4567 590 4653 quod
612 4569 722 4630 essent
754 4584 864 4631 coram
886 4562 981 4627 vobis
1003 4562 1046 4629 ad
1069 4561 1156 4628 diem
1179 4562 1380 4651 praedictum,

333 4667 513 4736 secundum
535 4674 736 4755 praeceptum
759 4665 884 4730 domini
906 4665 1000 4752 regis,
1022 4664 1077 4730 sed
1101 4664 1201 4732 breve
1229 4671 1381 4734 nostrum

1182 4784 1207 4834 r
1230 4769 1251 4832 2
