3538 5712
495 811 691 866 asarsraun
714 797 914 868 rimamus
936 817 1178 870 assumeres.
1272 809 1359 879 1157
1448 845 1451 852 .

143 995 532 1078 marnarPentcccstcs,
545 1021 633 1069 anno
657 1003 790 1070 Domini
813 1001 940 1072 n⁰.ccc⁰.
963 1006 1164 1086 duodecima,
1187 1029 1290 1094 usque
1316 1010 1360 1076 ad
1376 1027 1513 1076 aaran.

311 1101 491 1168 terminum
536 1106 722 1191 quindecim
764 1129 926 1175 annonam
966 1111 1116 1197 proximo
1149 1112 1358 1199 sequentium

309 1204 455 1290 plenarie
485 1209 740 1296 completorum
762 1213 928 1278 reddendo
949 1213 1027 1279 inde
1057 1215 1231 1280 annuatim
1260 1215 1356 1281 nobis

308 1311 343 1372 et
375 1311 611 1376 successoribus
644 1313 765 1378 nostris
799 1313 921 1401 viginti
953 1336 1078 1382 marcas
1111 1317 1352 1404 sterlingorum,

306 1409 350 1472 ad
372 1413 568 1478 scaccarium
590 1420 739 1480 nostrum
762 1417 803 1482 de
824 1416 982 1499 Norbam,
1008 1419 1052 1486 ad
1083 1420 1241 1484 terminos
1264 1419 1352 1487 infra

306 1511 491 1579 libertatem
514 1516 555 1580 de
578 1513 726 1582 Norbam
749 1518 897 1598 usitatos,
914 1525 949 1585 et
963 1520 1162 1586 inveniendo
1184 1521 1354 1588 forestario

305 1617 417 1678 nostro
439 1616 480 1680 de
503 1615 703 1698 Fennewik',
726 1626 762 1685 et
794 1620 923 1686 custodi
953 1644 1118 1689 warennae
1144 1628 1265 1688 nostrae
1295 1624 1354 1689 Sa-

305 1736 368 1781 crae
383 1717 513 1796 Insulae,
530 1719 743 1787 liberationes
770 1744 845 1788 suas
859 1748 867 1804 ;
882 1724 1044 1821 videlicet,
1068 1724 1207 1790 cuilibet
1231 1747 1351 1804 eorum,

305 1839 363 1906 per
391 1818 562 1886 duodecim
593 1823 801 1909 septimanas,
824 1847 928 1890 unum
951 1827 1154 1911 quarterium
1187 1827 1352 1893 frumenti.

306 1918 414 1998 Quare
445 1923 597 1989 volumus
634 1931 669 1991 et
699 1927 913 2005 concedimur,
946 1951 1004 2016 pro
1042 1929 1136 1993 nobis
1167 1936 1202 2010 et
1231 1951 1353 1994 sncces-

250 2064 253 2068 »
304 2022 432 2089 scribas
468 2027 597 2106 nostris,
629 2029 716 2113 quod
753 2030 929 2115 praedictus
965 2029 1130 2096 Walterus
1168 2032 1287 2096 habeat
1319 2037 1354 2096 et

304 2129 416 2191 teneat
438 2127 502 2218 sibi
525 2133 560 2193 ct
581 2129 765 2195 haeredibus
787 2133 855 2196 suis
888 2132 1047 2217 praedicta
1077 2133 1295 2217 messuagium
1318 2140 1353 2198 et

303 2229 433 2310 terram,
450 2250 525 2294 cum
548 2237 642 2315 prato
666 2238 701 2296 et
722 2239 858 2318 pastura
872 2235 1047 2320 praedictis,
1062 2255 1165 2318 usque
1187 2234 1230 2298 ad
1253 2235 1352 2299 finem

303 2331 437 2396 termini
467 2331 626 2417 praedicti,
649 2339 689 2398 ut
709 2335 904 2420 praedictum
919 2341 994 2415 est3
1014 2341 1050 2401 et
1071 2335 1227 2420 quicquid
1250 2336 1353 2400 aedifi·

302 2433 429 2498 caverit
450 2433 538 2499 infra
559 2435 754 2521 praedictum
778 2438 1006 2523 messuagium,
1024 2459 1126 2522 usque
1148 2437 1191 2500 ad
1207 2437 1350 2503 valorem

302 2534 521 2621 quadraginta
554 2551 746 2616 marcarum,
784 2560 842 2623 per
875 2539 985 2603 visum
1022 2537 1272 2625 fidedignorum,
1313 2541 1349 2604 in

301 2637 404 2702 firmis
450 2639 519 2703 suis
565 2639 739 2705 reddendis
787 2639 933 2704 debitam
970 2641 1197 2706 allocationem
1244 2642 1350 2708 eidem

103 2745 109 2756 '
186 2791 189 2798 .
300 2738 419 2804 habere
450 2740 615 2819 faciemus,
638 2741 780 2807 dinante
810 2743 951 2806 termino
974 2742 1137 2827 praedicto.
1184 2742 1226 2806 In
1256 2745 1349 2829 cujus

301 2841 347 2906 rei
378 2841 612 2924 testimonium,
648 2845 735 2930 parti
766 2843 865 2929 hujus
898 2844 1012 2931 scripti
1042 2844 1208 2910 indentati
1249 2867 1348 2930 penes

299 2945 425 3011 dictum
440 2945 623 3010 Walterum
646 2947 837 3026 remanenti,
854 2945 999 3032 sigillum
1022 2951 1171 3012 nostrum
1192 2946 1348 3012 duximus

299 3047 538 3133 apponendum,
573 3053 607 3113 et
641 3048 736 3113 alteri
769 3048 856 3134 parti
886 3047 987 3132 hujus
1020 3048 1149 3135 scripti.
1165 3071 1265 3135 penes
1287 3071 1347 3116 nos

299 3149 490 3232 remanenti,
529 3150 638 3216 dictus
675 3149 842 3216 Walterus
876 3151 1020 3237 sigillum
1057 3172 1154 3216 snum
1183 3153 1344 3238 apposuit.
1479 3183 1482 3191 ·
1565 3171 1569 3178 ·

298 3253 423 3318 Datum
467 3253 555 3339 apud
594 3252 804 3330 Middelham,
842 3251 953 3337 xxiijo.
998 3251 1052 3317 die
1098 3251 1221 3329 Martii,
1258 3275 1345 3318 anno

297 3355 432 3421 Domini
454 3355 628 3421 millesimo
651 3368 726 3422 ccc0.
750 3354 932 3432 undecimo,
953 3359 989 3420 et
1004 3353 1217 3442 pontificatus
1239 3357 1344 3422 nostri

295 3483 408 3553 primo.

297 3695 372 3747 cm
391 3693 510 3747 willelmi
606 3661 733 3729 Christi
769 3659 923 3728 fidelibus
959 3659 1130 3740 universis,
1165 3665 1344 3748 praesentes
1394 3689 1462 3737 rna

295 3761 492 3814 fficen’mnirn.
559 3764 673 3830 literas
704 3765 910 3851 inspecturis,
934 3763 1102 3842 Ricardus,
1134 3765 1343 3852 permissione
1356 3751 1502 3849 Quum

294 3869 371 3944 etc.,-
401 3867 548 3932 salutem.
609 3867 778 3932 Noveritis
815 3887 876 3931 nos
912 3867 1104 3933 concessisse
1153 3849 1271 3932 dilecto
1309 3853 1501 3948 et‘fissb'lfllssm

294 3967 383 4034 fideli
417 3973 537 4048 nostro,
561 3969 694 4035 domino
729 3969 895 4034 Willelmo
929 3968 1068 4056 Rydcll’,
1098 3970 1208 4035 decem
1241 3969 1342 4037 libras
1353 3951 1505 4107 ἓξὲξ.

293 4061 474 4154 annuatim,
508 4072 551 4137 ad
588 4072 783 4138 scaccarium
818 4075 968 4136 nostrum
1000 4072 1041 4136 de
1079 4070 1236 4152 Norbam,
1268 4075 1341 4139 tota
1353 4051 1484 4156 mllio*

293 4169 365 4238 vita
396 4177 518 4252 nostra,
551 4173 595 4239 ad
625 4173 714 4240 festa
742 4171 859 4241 Sancti
882 4173 1060 4239 (authberti
1082 4175 1118 4238 in
1153 4175 1339 4262 Septembri

278 4279 327 4358 ¹ct
362 4275 398 4338 in
431 4276 552 4342 Martio
584 4297 642 4364 per
664 4275 806 4362 oequales
843 4275 1010 4362 portiones
1041 4275 1274 4362 percipiendas,
1304 4283 1340 4343 et

291 4377 387 4442 rubas
410 4378 582 4444 annuatim
605 4378 645 4443 de
668 4381 757 4444 secta
771 4381 891 4456 nostra,
907 4399 968 4464 pro
990 4376 1096 4442 milite
1110 4383 1337 4464 competentes

291 4501 349 4566 pro
372 4479 445 4545 vita
467 4485 580 4546 nostra
601 4480 753 4546 similiter
767 4480 999 4566 percipiendas,
1014 4483 1114 4567 prout
1136 4478 1193 4544 alii
1215 4479 1338 4546 milites

290 4581 394 4648 nostri
417 4583 624 4670 percipiunt;
647 4582 801 4648 volumus
824 4583 982 4648 etiamst
1012 4581 1226 4660 concedimus,
1249 4583 1337 4668 quod

289 4683 466 4771 praedictus
488 4683 640 4750 dominus
654 4683 837 4750 Willelmus
852 4683 983 4768 quietus
1005 4681 1050 4748 sit
1063 4683 1105 4749 de
1127 4689 1215 4750 secta
1237 4684 1335 4750 curias
