3468 5704
476 805 674 854 nsorsrnmr
698 805 902 855 PALATINUM
926 807 1167 856 nonnnnsrvss.
1282 791 1347 862 697

124 997 284 1050 Mem
298 994 341 1058 ad
363 993 425 1058 hoo
447 998 634 1059 vocatorum
664 992 857 1078 specialiter,
890 997 925 1059 et
947 999 1145 1080 rogatorum,
1167 995 1254 1060 infra
1277 1015 1346 1058 ma·
1375 1000 1432 1045 tv·
1440 1005 1498 1049 1⁸1⁵·

298 1097 428 1161 nerium
452 1117 547 1160 suum
570 1096 622 1160 del
639 1094 808 1174 Welhallo,
824 1096 1040 1162 Eboraeensis
1063 1097 1219 1178 dioeoesis‚
1236 1118 1345 1183 perso·

299 1199 419 1264 naliter
428 1197 637 1275 constitutus,
649 1197 817 1263 eeclesiam
826 1198 1050 1283 parochialem
1062 1199 1104 1263 de
1115 1199 1346 1277 Overcunsolif,

298 1323 365 1366 suae
396 1301 552 1376 dioecesis,
574 1321 633 1387 por
657 1304 796 1365 mortem
821 1301 946 1364 domini
973 1301 1113 1366 Walteri
1136 1303 1176 1366 de
1193 1300 1347 1382 Olifford’,

296 1401 405 1467 ultimi
435 1402 570 1468 rectoris
598 1401 752 1487 ejusdem,
785 1409 968 1480 vacantem,
1006 1408 1040 1468 et
1063 1404 1105 1468 ad
1139 1403 1347 1470 collationem

296 1526 400 1582 suam,
418 1503 520 1588 juxta
543 1508 674 1568 statuta
704 1503 843 1569 Consilii
867 1505 1106 1586 Lateranensis,
1131 1527 1189 1590 per
1219 1505 1346 1590 lapsum

295 1606 451 1692 temporis
473 1605 629 1692 legitime,
654 1610 693 1670 ut
715 1605 862 1683 asseruit,
887 1605 1086 1686 devolutam,
1111 1627 1196 1671 curse
1220 1608 1347 1692 prospi-

295 1731 366 1774 cere
382 1708 517 1793 cupiens
539 1708 733 1789 animarum,
761 1709 852 1772 salvo
874 1709 951 1794 jure
974 1707 1173 1772 serenissimi
1188 1708 1346 1794 principis

296 1817 330 1876 et
352 1809 486 1890 domini,
511 1809 637 1875 domini
668 1809 835 1889 Edwardi‚
850 1810 924 1876 'Dei
958 1811 1074 1895 gratia,
1107 1809 1193 1896 regis
1216 1810 1346 1896 Angliae

294 1911 442 1992 illustris,
465 1910 494 1976 si
517 1912 604 1997 quod
627 1911 691 1975 sibi
714 1913 757 1977 ad
786 1913 1055 1998 praesentandum
1079 1911 1123 1975 sd
1145 1911 1282 1976 eandem
1305 1911 1346 1976 de

289 2014 372 2100 jure,
390 2037 432 2078 ex
447 2035 642 2100 quacunque
664 2035 770 2095 eausa,
787 2018 954 2100 competat
969 2013 1005 2076 in
1020 2013 1082 2078 hae
1097 2018 1198 2098 parte,
1214 2015 1346 2078 domino

294 2116 444 2182 Galfrido
468 2117 509 2180 de
526 2116 708 2196 Edenham‚
732 2115 911 2208 capellano,
926 2135 1024 2200 quem
1046 2115 1216 2198 reputavit
1237 2115 1347 2180 virum

294 2217 481 2303 providum,
505 2216 661 2281 idoneum
696 2222 730 2281 et
764 2217 1045 2300 circumspectum,
1076 2236 1150 2281 cum
1185 2215 1347 2281 universis

292 2318 426 2404 juribus
450 2319 493 2382 ad
509 2339 579 2382 eam
599 2317 851 2404 pertinentibus,
869 2317 1019 2394 contulit,
1037 2316 1187 2382 caritatis
1200 2317 1346 2398 intuitu3

297 2419 533 2506 dominumque
551 2420 727 2486 Ricardum
754 2419 891 2505 Pigeun,
916 2419 1153 2505 presbyterum,
1177 2439 1285 2484 coram
1308 2441 1345 2484 eo

298 2521 516 2608 personaliter
537 2522 740 2600 existentem,
765 2521 897 2585 nomine
933 2519 1014 2586 dieti
1045 2520 1171 2584 domini
1195 2520 1345 2599 Galfridi,

297 2644 355 2709 per
377 2643 474 2688 suum
491 2623 650 2688 annulum
675 2623 850 2688 investivit
873 2621 1126 2708 praesentialiter
1148 2624 1189 2688 de
1211 2624 1345 2704 eadem3

296 2725 510 2814 protestando
532 2725 747 2790 nihilominus
769 2723 899 2812 publice
922 2728 956 2790 et
984 2746 1142 2810 expresse,
1167 2725 1256 2810 quod
1278 2747 1346 2790 non

296 2827 500 2906 intendebat,
522 2848 581 2894 neo
603 2827 719 2905 voluit,
734 2849 792 2913 per
808 2827 995 2912 hujusmodi
1010 2826 1218 2892 collationem
1243 2849 1345 2905 suam,

296 2929 476 2996 venerabili
514 2930 610 3016 patri,
634 2928 768 2994 domino
800 2977 809 2993 .
834 2982 850 3009 .,
879 2929 944 2994 Dei
965 2929 1082 3016 gratia,
1104 2929 1345 3016 archiepiscopo

295 3031 503 3110 Eboraoensi,
530 3031 662 3118 Angliae
685 3031 829 3117 primati,
853 3030 906 3095 vel
929 3031 1027 3096 euriae
1054 3053 1121 3098 suae
1137 3031 1343 3112 Eboraoensi,

295 3138 332 3200 in
353 3135 464 3222 aliquo
488 3134 708 3222 praejudicare,
739 3155 797 3198 seu
829 3134 995 3198 mandatis
1033 3155 1145 3199 eorum
1179 3134 1280 3200 lieitis
1311 3140 1345 3200 et

297 3238 460 3307 canonicis
475 3237 686 3322 aliquatenus
708 3237 878 3302 contraire,
925 3236 1013 3302 Aeta
1026 3236 1163 3302 nerunt
1177 3237 1345 3322 praemissa

296 3360 393 3418 anne,
416 3339 610 3416 Indictione‚
634 3337 755 3403 mensis
778 3338 839 3415 die,
862 3342 897 3403 et
919 3338 998 3419 loeo,
1022 3339 1239 3424 supradietis3
1262 3361 1345 3426 pree-

297 3442 454 3524 sentibus,
493 3441 645 3528 religioso
694 3441 776 3521 viro,
817 3440 951 3504 domino
990 3440 1089 3504 Petro
1121 3441 1162 3506 de
1199 3441 1343 3522 Helton',

295 3545 454 3613 monacho
489 3543 730 3618 Dunolmensi,·
753 3541 910 3628 magistro
944 3540 1097 3606 Johanne
1129 3542 1171 3607 de
1202 3541 1345 3620 Brnnne,

295 3649 423 3714 notario
445 3646 586 3734 publico,
614 3643 853 3710 Lineolniensis
875 3642 1030 3721 dioecesis,
1055 3644 1188 3710 domino
1203 3646 1343 3712 Ricardo

298 3749 432 3836 Pigeun,
465 3745 664 3834 supradicto,
696 3750 731 3810 et
769 3744 934 3813 Willelmo
964 3744 1091 3824 Penoh',
1128 3747 1268 3813 testibus
1300 3750 1343 3814 ad

295 3851 367 3916 hreo
397 3849 523 3914 voeatis
541 3847 740 3934 specialiter
764 3851 798 3912 et
830 3848 960 3934 rogatis.
1006 3847 1051 3913 Et
1082 3871 1150 3935 ego
1183 3850 1344 3916 Ricardus

297 3951 405 4016 dietus
429 3949 635 4036 “Godwyn,”
659 3950 700 4014 de
732 3949 878 4025 Norton’,
918 3949 1068 4017 dioeeesis
1100 3951 1343 4036 Norwyoensis,

297 4052 441 4132 alericus,
473 4052 630 4138 publicus,
663 4052 863 4118 auctoritate
898 4053 1068 4140 imperiali,
1100 4053 1259 4133 notarius,
1286 4055 1344 4139 qui

297 4153 395 4218 dietis
424 4152 600 4230 collationi,
623 4153 864 4238 protestationi,
887 4153 1105 4230 investituras,
1136 4155 1287 4220 omnibus
1310 4161 1344 4220 et

164 4303 171 4308 -
297 4254 445 4339 singulis,
461 4259 560 4340 prout
575 4275 674 4339 supra
689 4254 885 4332 scribuntur,
901 4276 1058 4320 unacum
1080 4257 1179 4322 dictis
1194 4258 1342 4336 testibus,

295 4379 441 4443 prsesens
474 4355 621 4432 interfui,
643 4363 679 4421 et
701 4377 739 4420 ea
763 4356 808 4421 sie
831 4357 904 4421 fieri
926 4357 997 4421 vidi
1020 4363 1055 4421 et
1080 4359 1202 4440 audivi,
1226 4360 1268 4424 ad
1291 4383 1342 4425 ro·

293 4465 409 4546 gotum
432 4459 515 4527 dieti
538 4459 652 4545 patris,
677 4459 713 4522 in
745 4458 830 4524 hano
854 4458 1020 4545 publicam
1052 4461 1189 4526 formam
1221 4462 1341 4550 redegi,

294 4585 429 4647 meoque
460 4561 593 4626 nomine
616 4566 651 4626 et
674 4561 767 4648 signo
791 4547 954 4640 consueto,
977 4563 1133 4630 infidam
1156 4566 1338 4653 praemisso-

295 4685 376 4742 rum,
400 4664 540 4750 signavi.
