3452 5702
382 775 449 851 730
566 787 763 844 6166666666
785 783 987 842 rmsrmuu
1008 786 1249 842 nuunmmsu

228 999 284 1046 Ab·
292 997 350 1045 1³1⁵.
380 983 558 1052 mediante
607 980 862 1050 considerantes
892 980 1007 1066 itaque
1044 975 1248 1046 visitationis
1285 977 1586 1050 officionarius

379 1089 417 1152 in
448 1084 683 1174 jurisdictione
717 1087 833 1151 nostra
870 1082 911 1148 (16
940 1081 1191 1148 Alvertcnshire
1227 1080 1298 1148 fors
1329 1105 1429 1170 quarn

379 1191 560 1280 plurimum
582 1189 816 1277 opportunum,
832 1183 1054 1271 disposuimus
1068 1183 1272 1250 visitationis
1286 1183 1430 1251 officium

379 1316 439 1382 per
461 1293 624 1379 quosdam
648 1288 853 1357 collaterales
873 1291 1013 1368 nostros,
1028 1285 1118 1354 viros
1141 1288 1184 1354 ad
1198 1287 1260 1354 hoc
1274 1289 1428 1375 providos

380 1400 415 1464 et
438 1396 604 1475 (11666666,
627 1415 687 1483 per
708 1413 770 1458 nos
791 1391 835 1456 ad
867 1390 904 1457 id
937 1413 995 1458 ex.
1013 1389 1119 1458 causis
1141 1389 1301 1478 legitimis
1324 1392 1428 1478 depu-

378 1502 477 1580 tatos,
501 1496 538 1562 in
559 1495 650 1563 dicta
668 1491 910 1582 jurisdictione,
932 1492 1049 1560 dicbus
1071 1498 1106 1559 et
1128 1493 1209 1559 locis
1223 1493 1426 1582 subscriptis,

377 1600 483 1666 facere
520 1597 673 1674 exerceri,
705 1594 803 1661 modo
842 1601 876 1660 et
913 1593 1020 1660 forma
1056 1595 1217 1663 hactenus
1254 1596 1426 1662 consuetis

381 1702 542 1782 Quocirca
573 1698 670 1765 vobis
703 1697 918 1785 injungimus,
953 1701 987 1764 et
1020 1699 1224 1776 mandamus,
1263 1702 1426 1785 quatenus

377 1803 489 1869 citetis
522 1799 741 1889 peremptorie
775 1819 888 1865 ornnes
921 1804 956 1865 et
993 1799 1139 1887 singulos
1176 1799 1427 1888 praebendarios,

377 1911 527 1984 rectores,
543 1903 719 1991 magistros
730 1905 765 1968 et
780 1901 900 1967 iratres
915 1901 1150 1990 Hospitalium,
1159 1902 1306 1987 vicarios,
1322 1903 1427 1994 capel-

378 2009 480 2088 lanos,
495 2006 620 2074 ibidem
643 2005 915 2094 qualitercunque
930 2005 1142 2088 celebrantes,
1166 2011 1201 2072 et
1223 2005 1305 2073 alios
1327 2007 1427 2075 eoele-

380 2110 505 2178 siarum
536 2108 715 2188 ministros,
739 2129 876 2189 necnon,
900 2107 942 2174 de
973 2108 1114 2196 singnnlis
1136 2107 1227 2174 villis
1250 2109 1427 2196 cujuslibet

378 2212 555 2304 parochiae,
571 2215 654 2292 octo,
670 2233 739 2290 sex,
754 2216 906 2298 quatuor,
921 2215 981 2277 aut
996 2210 1086 2292 duos,
1101 2211 1281 2278 secundum
1296 2212 1427 2300 majori-

379 2323 484 2384 tatem
519 2320 553 2383 et
583 2314 812 2382 minoritatem
847 2314 1034 2394 earundem,
1057 2335 1116 2402 per
1138 2336 1228 2401 quos,
1251 2337 1349 2403 super
1372 2316 1428 2382 de-

378 2419 519 2485 fectibus
542 2421 578 2482 et
593 2415 780 2482 excessibus
795 2415 995 2502 corrigendis
1010 2419 1045 2482 et
1059 2416 1286 2500 reformandis,
1303 2418 1427 2486 veritas

378 2520 497 2586 melius
520 2517 597 2586 sciri
629 2517 761 2605 poterit,
783 2521 819 2584 et
850 2518 985 2605 inquiri,
1009 2518 1098 2606 quod
1124 2527 1334 2608 compareant
1356 2545 1428 2611 per-

380 2622 537 2689 sonaliter
559 2641 668 2688 corum
684 2620 773 2688 vices
795 2623 926 2686 nostras
948 2621 1147 2708 gerentibus.
1179 2621 1244 2706 Illi,
1260 2623 1428 2707 videlicet,

379 2726 421 2793 de
444 2724 577 2790 ecclesia
599 2727 633 2789 et
656 2721 811 2811 parocbia
833 2724 874 2788 de
897 2723 1070 2810 Brutteby,
1086 2723 1140 2791 die
1155 2726 1260 2792 Lunae
1274 2729 1428 2814 proxima

379 2833 455 2916 post
476 2827 597 2894 festum
620 2824 737 2892 Sancti
760 2824 925 2914 Dionysii,
948 2827 983 2892 in
1007 2828 1121 2893 eadem
1144 2828 1297 2911 ecclesia;
1320 2835 1354 2897 et
1376 2831 1428 2898 illi

379 2932 421 2997 (16
436 2929 606 3016 Hospitali
622 2927 663 2995 de
679 2927 875 3015 Laysingby
889 2929 944 2995 dic
959 2929 1077 2996 Martis
1092 2931 1244 3018 proxima
1259 2939 1426 3019 sequente,

378 3034 416 3099 in
438 3031 563 3119 capella
585 3030 756 3117 ejusdem;
778 3051 817 3097 ac
839 3028 890 3095 illi
914 3031 954 3096 ds
976 3030 1146 3117 Hospitali
1177 3033 1220 3100 de
1253 3033 1417 3101 Alverton

379 3136 432 3201 die
448 3132 604 3200 Mercurii
625 3132 778 3220 proxima
788 3137 871 3199 tunc
885 3138 1052 3218 sequente,
1068 3131 1104 3200 in
1119 3133 1244 3222 capella
1259 3135 1426 3222 ejusdem;

378 3237 428 3304 illi
451 3259 530 3304 vero
553 3237 594 3302 de
617 3235 752 3302 ecclesia
789 3239 824 3300 66
861 3233 1016 3321 parochia
1053 3235 1093 3302 (16
1124 3235 1337 3325 Otryngton',
1368 3239 1423 3305 die

378 3341 474 3408 Jovis
497 3339 649 3427 proxima
671 3341 839 3425 sequente,
868 3339 905 3402 in
939 3338 1053 3404 eadem
1075 3340 1210 3407 ecclesia
1222 3365 1231 3422 3
1252 3363 1290 3407 66
1313 3340 1427 3407 illido

378 3443 513 3511 66616616
546 3446 581 3508 66
614 3440 770 3529 parochia
801 3441 842 3505 (16
874 3439 1074 3507 Thorneton‘
1108 3441 1162 3507 die
1183 3441 1321 3509 Veneris
1343 3449 1424 3512 tunc

379 3550 548 3632 sequente,
580 3545 617 3609 in
648 3543 719 3630 ipsa
752 3541 908 3621 ecclesia;
934 3543 986 3608 illi
1008 3548 1122 3610 autem
1145 3543 1186 3610 de
1207 3544 1362 3632 parochia
1384 3547 1425 3613 (16

379 3646 543 3731 Couseby‚
568 3645 621 3710 die
651 3643 792 3711 Sabbati
814 3644 965 3732 proxima
988 3650 1154 3732 sequente,
1178 3646 1215 3711 in
1237 3647 1353 3715 eadem
1376 3671 1428 3715 66-

380 3746 497 3828 clesia;
529 3749 563 3811 66
594 3743 645 3809 illi
680 3745 722 3810 de
754 3736 889 3811 ecclesia
921 3747 1140 3840 etparochia
1170 3749 1212 3814 de
1234 3749 1342 3834 Leek'‚
1373 3751 1427 3817 (116

379 3848 555 3918 Dominica
592 3852 674 3914 tunc
710 3848 862 3934 proxima
894 3855 1061 3936 sequente,
1084 3849 1121 3916 in
1157 3850 1247 3917 dicta
1269 3853 1426 3935 ecclesia;

379 3953 445 4043 ipsi
467 3955 583 4018 autem
606 3949 648 4016 (16
671 3949 806 4017 66616616
827 3956 862 4017 66
876 3951 1030 4039 parochia
1052 3953 1094 4018 de
1110 3951 1358 4042 Osmundreley,
1375 3956 1428 4022 die

380 4057 484 4123 Lunae
499 4053 653 4142 proxima
675 4057 757 4119 tunc
786 4059 952 4140 sequente,
978 4055 1015 4121 in
1038 4054 1151 4122 eadem
1175 4057 1311 4122 ecclesia
1322 4083 1331 4140 ;
1354 4079 1429 4124 nos-

381 4165 469 4226 tram
491 4155 720 4222 visitationem
736 4157 925 4222 canonicam
941 4157 1118 4225 actualiter
1132 4157 1285 4239 subituri,
1300 4159 1429 4248 ipsique

378 4261 567 4329 beneficiati
605 4257 722 4326 titulos
755 4280 814 4347 per
846 4280 929 4346 quos
964 4280 1024 4326 sua
1054 4264 1172 4327 tenent
1193 4261 1364 4343 beneficia,
1394 4268 1428 4331 66

380 4370 495 4436 literas
527 4367 679 4434 ordinum
717 4387 861 4451 suorum,
884 4389 922 4434 ac
954 4366 1037 4436 dicti
1059 4367 1220 4456 capellani
1242 4369 1356 4437 literas
1377 4393 1429 4437 or·

383 4472 498 4537 dinum
513 4491 645 4537 suorum
661 4475 696 4537 et
710 4469 969 4537 conversationis
991 4493 1069 4553 suas,
1085 4471 1288 4556 exhibituri;
1309 4474 1430 4540 facturi

381 4571 416 4641 et
437 4574 608 4661 recepturi,
640 4574 728 4663 quod
751 4575 938 4641 animarum
960 4575 1061 4642 saluti
1092 4580 1127 4643 66
1157 4577 1321 4643 canonicis
1353 4601 1429 4645 con·

393 4677 531 4746 veniens
545 4675 647 4742 fuerit
668 4677 842 4747 institutis.
867 4676 971 4746 Vobis
986 4678 1086 4747 etiam
1110 4679 1306 4768 inhibemus,
1321 4684 1356 4749 et
1368 4704 1428 4773 per
