3524 5716
381 755 468 816 1184
558 765 757 816 anorsruuu
781 763 982 814 rauranum
1005 763 1247 814 nuuucuuusa

223 970 348 1015 anim.
378 959 412 1019 at
435 953 524 1018 omni
546 952 668 1040 placito
697 952 942 1017 forestariorum
964 952 1105 1029 forestae,
1135 955 1170 1018 et
1193 951 1431 1037 espeltamento

377 1075 505 1133 canum,
544 1060 578 1119 et
608 1054 649 1120 de
679 1053 832 1118 omnibus
870 1053 1190 1129 summonitionibus,
1220 1053 1361 1140 placitis,
1395 1059 1431 1117 et

378 1157 526 1242 querelis,
549 1155 771 1222 occasionibus
794 1155 836 1220 ad
858 1154 1012 1220 forestam
1036 1155 1091 1220 vel
1119 1154 1306 1219 forestarios
1328 1155 1431 1241 perti·

378 1259 556 1336 nantibus;
579 1256 679 1322 solvis
693 1261 805 1322 tamen
820 1255 979 1341 praedicto
1003 1254 1042 1320 R.
1062 1255 1214 1341 episcopo
1229 1261 1263 1320 et
1286 1255 1430 1320 ecclesiae

378 1359 603 1439 Dunolmensi,
626 1362 662 1423 et
682 1357 921 1422 successoribus
943 1355 1019 1436 suis,
1043 1356 1253 1422 libertatibus
1269 1362 1303 1422 ct
1317 1356 1430 1422 liberis

376 1459 667 1526 consuetudinibus
701 1458 748 1523 eis
786 1463 864 1523 ante
895 1457 979 1524 hanc
1013 1459 1250 1525 concessionem
1274 1463 1428 1538 nostram,

375 1561 535 1628 concessis
557 1583 616 1646 per
639 1559 891 1646 praedecessores
913 1565 1050 1637 nostros,
1065 1580 1156 1645 reges
1178 1560 1321 1647 Angliae.
1365 1560 1429 1639 Ita

374 1663 538 1740 videlicet,
564 1660 663 1748 quod,
684 1682 743 1746 per
768 1660 852 1724 hanc
874 1660 1062 1726 libertatem
1085 1667 1239 1738 nostram,
1262 1661 1429 1748 praedictis

373 1764 613 1850 archiepiscopo
636 1768 670 1826 et
693 1761 806 1826 abbati
838 1761 1107 1840 Eboracensibus,
1128 1763 1312 1840 comitibus,
1334 1763 1428 1826 baro·

373 1867 480 1943 nibus,
503 1863 663 1932 militibus
688 1867 723 1929 et
744 1862 855 1928 liberis
884 1862 1081 1945 hominibus,
1105 1869 1139 1930 et
1169 1864 1322 1930 omnibus
1343 1864 1426 1942 aliis,

373 1973 444 2034 tam
467 1965 591 2033 clericis
613 1985 713 2051 quam
735 1964 835 2041 laicis,
861 1969 965 2030 terras
987 1965 1188 2030 habentibus
1210 1967 1299 2030 inter
1321 1966 1426 2030 Usam

373 2075 408 2134 et
447 2069 632 2145 Derewent‚
662 2085 855 2143 concessam,
884 2065 1014 2130 nullum
1044 2067 1112 2144 fiat,
1136 2067 1190 2132 vel
1220 2067 1291 2133 fieri
1314 2068 1428 2153 possit,

374 2169 602 2256 praejudicinm
625 2167 712 2235 dicto
736 2167 885 2253 episcopo
909 2173 943 2232 et
972 2167 1115 2233 ecclesiae
1137 2167 1426 2248 Dunolmensibus,

373 2273 415 2336 da
437 2270 645 2336 libertatibus
675 2268 743 2333 suis
769 2268 816 2332 eis
845 2268 936 2354 prius
959 2269 1117 2334 muccosis
1146 2270 1235 2334 inber
1258 2269 1362 2334 Usam
1392 2275 1427 2334 et

374 2372 570 2449 Derewent’,
591 2392 613 2436 a
649 2369 940 2457 praedecessoribus
976 2369 1107 2450 nostris,
1130 2371 1262 2458 regibus
1293 2371 1426 2457 Angliae

373 2476 459 2540 sicut
480 2473 674 2561 praedictum
697 2475 755 2536 est.
803 2469 910 2550 Quare
925 2471 1086 2551 volumus,
1102 2477 1137 2536 et
1153 2472 1291 2537 firmiter
1312 2473 1426 2559 prasci·

373 2577 489 2662 pimus,
514 2596 572 2660 pro
594 2573 689 2638 nobis
712 2577 746 2637 et
760 2572 944 2637 haercdibus
966 2573 1095 2653 nostris,
1110 2573 1197 2658 quod
1220 2579 1293 2640 tota
1306 2573 1427 2638 foresta

373 2683 486 2742 nostra
515 2677 603 2742 inter
633 2675 738 2739 Usam
764 2678 799 2738 et
829 2673 1007 2739 Derewent
1036 2674 1081 2739 sit
1110 2674 1351 2753 deafforestata,
1388 2675 1424 2739 in

372 2782 579 2863 perpetuum,
602 2797 663 2862 pro
693 2775 788 2840 nobis
810 2778 846 2839 at
874 2775 1061 2840 haeredibus
1083 2777 1227 2856 nostris;
1264 2777 1313 2841 ita
1337 2778 1425 2863 quod

372 2899 484 2943 omnes
513 2882 610 2942 terras
640 2881 675 2940 et
696 2880 894 2951 tenemento,
924 2875 1011 2942 inter
1034 2876 1137 2943 Usam
1168 2882 1202 2942 et
1232 2877 1426 2956 Derewent',

372 2980 440 3043 sint
469 2979 587 3064 quieta
608 2977 649 3041 de
678 2981 775 3040 uasto
798 2981 832 3041 et
861 2978 1008 3063 regardo,
1023 2983 1057 3044 et
1072 2978 1147 3043 visu
1169 2978 1423 3060 forestariorum,

373 3087 407 3146 et
445 3077 687 3155 viridariorum,
708 3083 742 3142 et
779 3079 927 3142 omnium
965 3079 1188 3145 ministrorum
1226 3103 1366 3161 suorum,
1391 3089 1426 3147 et

372 3180 502 3268 placitis
539 3181 668 3246 forestae
706 3183 741 3244 et
776 3179 1031 3258 forestariorum,
1068 3186 1138 3245 tam
1170 3181 1211 3247 de
1248 3184 1425 3248 venatione

372 3306 471 3370 quam
501 3283 542 3348 de
564 3281 674 3360 viridi,
704 3281 802 3346 etde
833 3281 985 3348 omnibus
1015 3304 1090 3368 qua
1118 3283 1162 3348 nd
1184 3283 1338 3349 forestam
1370 3285 1424 3349 vel

372 3385 565 3462 forestarios,
602 3387 662 3447 aut
699 3382 873 3448 viridarios
910 3383 1097 3469 pertinent;
1120 3389 1154 3449 et
1187 3385 1274 3470 quod
1313 3407 1424 3450 omncs

372 3495 476 3554 terras
510 3491 659 3564 tenentes
689 3483 778 3549 inter
810 3483 914 3549 Usam
946 3489 981 3549 ct
1014 3484 1209 3563 Derewent',
1244 3491 1279 3550 et
1312 3509 1423 3553 eorum

371 3609 568 3655 successores
591 3592 625 3652 et
646 3586 801 3664 haeredes,
823 3586 950 3673 possint
972 3585 1122 3652 claudere
1145 3587 1257 3654 boscos
1284 3610 1366 3666 suos,
1389 3596 1425 3654 et

371 3713 483 3778 parcos
506 3690 583 3754 inde
606 3688 719 3764 facere,
742 3687 771 3752 si
793 3687 967 3768 voluerint,
991 3687 1046 3753 vel
1067 3695 1228 3754 essartare
1251 3697 1422 3775 quantum,

372 3793 511 3878 quando,
542 3795 577 3856 et
612 3789 678 3868 ubi,
703 3787 877 3865 voluerint,
915 3811 990 3855 cum
1031 3790 1241 3876 pertinentiis
1278 3793 1354 3871 suis,
1389 3799 1423 3857 et

371 3893 626 3982 provoluntate
653 3911 714 3955 sua
739 3889 780 3954 de
802 3888 907 3954 boscis
928 3889 996 3954 suis
1022 3890 1137 3970 facere,
1163 3891 1250 3970 dare,
1272 3895 1422 3972 vendere,

371 3999 544 4083 caperest
572 3991 646 4078 capi
668 3991 782 4070 facere,
806 3995 841 4055 et
863 3991 1075 4056 venationem
1097 4013 1221 4078 capere,
1245 3994 1316 4060 sine
1346 3996 1420 4059 visu

370 4105 405 4164 et
436 4095 525 4163 omni
555 4092 811 4160 contradictione
841 4091 1095 4172 forestariorum,
1125 4092 1364 4175 viridariorum,
1388 4104 1423 4162 et

370 4199 625 4285 regardatorum,
641 4201 675 4260 et
690 4194 835 4260 omnium
852 4194 1080 4260 ministrorum
1103 4217 1238 4260 suorum
1247 4220 1256 4276 ;
1281 4203 1316 4262 et
1330 4197 1422 4283 quic·
1524 4255 1529 4266 .

369 4301 450 4386 quid
472 4300 549 4364 inde
571 4296 725 4383 ceperint,
741 4295 794 4359 vel
817 4294 889 4380 capi
912 4295 1059 4374 fecerint,
1081 4295 1240 4374 dederint,
1265 4299 1319 4363 vel
1342 4321 1421 4364 vcn-

370 4401 523 4479 diderint,
545 4398 711 4465 attrahere
741 4396 876 4483 possint,
899 4402 934 4461 et
963 4396 1088 4462 attrahi
1117 4396 1231 4478 facere,
1254 4399 1356 4466 libere
1385 4407 1420 4466 ct

369 4503 512 4590 pacifice,
528 4494 604 4568 cum
625 4500 778 4565 libertate
801 4496 946 4579 chimini,
962 4498 1086 4584 absque
1105 4500 1362 4567 contradictione
1385 4509 1420 4568 et

369 4603 607 4681 reclamatione,
631 4605 666 4667 et
688 4600 925 4688 impedimento
947 4600 1202 4682 forestariorum,
1226 4623 1418 4690 quacunque

369 4707 553 4784 occasion03
585 4709 620 4768 et
641 4703 730 4787 quod
760 4723 872 4768 omncs
894 4701 984 4768 bosci
1013 4702 1100 4768 inter
1127 4701 1229 4770 Usam
1262 4710 1297 4769 et
1318 4705 1419 4771 Dere-
