3562 5714
434 787 498 855 966
612 800 809 854 ansrsreuu
831 797 1036 852 rmlrmuu
1058 799 1302 852 nuumnnuss.

280 1001 404 1049 annua
432 986 476 1053 ad
499 985 711 1068 Seecearium,
734 989 820 1056 sicut
842 987 1072 1056 mandavimus
1094 1010 1115 1053 a
1137 987 1191 1054 die
1213 986 1347 1054 Pascha
1369 986 1405 1052 in
1429 1008 1482 1052 xv.
1497 998 1669 1053 161161663-

434 1089 505 1156 dies
526 1090 644 1156 ultimo
667 1090 838 1179 praeteriti,
861 1113 919 1178 per
940 1095 1112 1157 retornnm
1133 1090 1246 1156 brevis
1267 1088 1379 1155 vestri.

479 1192 531 1258 De
553 1215 694 1281 persona
716 1194 858 1262 6661εεί66
884 1193 925 1259 de
948 1193 1169 1280 Wessington’
1191 1191 1375 1258 levavimus
1405 1189 1486 1255 alies

302 1357 304 1360 .
436 1294 506 1380 xvj.
522 1294 557 1361 li.
580 1295 638 1380 xij.
655 1317 677 1362 6.
702 1295 760 1382 iiij.
778 1295 809 1362 d.
835 1317 916 1382 quos
938 1295 1097 1362 solvimus
1120 1293 1265 1360 Roberto
1288 1294 1328 1360 de
1351 1291 1486 1378 Brigth·

436 1395 530 1472 well',
545 1397 708 1476 soutifem,
723 1419 782 1484 per
796 1402 996 1484 praeceptum
1011 1401 1178 1473 vestrum3
1199 1399 1298 1482 prout
1312 1400 1407 1482 patet
1428 1415 1487 1480 per

437 1503 605 1564 retornum
631 1497 739 1568 brevis
761 1499 864 1566 vestri
894 1521 916 1566 a
938 1499 992 1566 die
1015 1499 1148 1566 Pasohae
1170 1499 1288 1564 ultimo
1318 1498 1486 1584 praeterito

436 1601 472 1664 in
494 1622 550 1664 xv.
574 1598 651 1666 dies.

481 1700 546 1766 Pro
568 1703 714 1787 personis
735 1688 814 1769 vero
840 1703 1046 1770 ecelesiarum
1069 1704 1110 1769 de
1133 1703 1302 1786 Quicham,
1326 1699 1485 1786 Stanhop’

437 1808 471 1868 61
509 1803 692 1891 Hogthton'
737 1805 932 1873 mandatum
969 1811 1117 1872 vestrum
1163 1806 1204 1872 de
1248 1803 1487 1892 supersedendo

437 1926 625 1991 recepimus.

295 2129 389 2176 areae.
439 2109 659 2162 Exeeutiooontra
669 2110 720 2160 Ra·
798 2101 959 2168 Exeoutio
982 2102 1070 2167 facta
1084 2108 1198 2168 contra
1220 2099 1431 2188 Radulphum
1446 2100 1488 2164 de

269 2194 410 2299 mi&
439 2177 565 2294 {lllcffi
578 2177 720 2310 dssofflg
754 2203 971 2270 Hollebecche
997 2209 1032 2270 et
1064 2203 1228 2290 Rogemm
1250 2203 1292 2268 de
1314 2201 1486 2268 Stoketon’

270 2296 411 2390 Ἠοῖ
438 2311 470 2360 de
482 2310 618 2361 Seouerou.
753 2305 881 2372 ratione
889 2305 1041 2370 brevium
1051 2305 1348 2391 suprascriptorum
1363 2305 1405 2370 ad
1419 2303 1494 2368 tale*

270 2357 412 2498 {tlffl'
439 2408 591 2498 signum.¹
639 2410 798 2477 Praefatos
813 2407 1008 2494 magistrum
1030 2407 1241 2494 Radulphum
1264 2412 1298 2472 et
1318 2407 1486 2472 dominum

271 2495 604 2599 ‘¹⁰⁸‘⁰¹⁰t⁰¹¹·Rogerum
627 2513 724 2578 citeri
746 2510 964 2598 peremptorie
985 2509 1130 2588 fecimus,
1147 2509 1236 2595 qued
1250 2509 1318 2574 s'int
1342 2509 1385 2574 ad
1400 2509 1487 2573 diem

438 2620 473 2679 et
487 2615 595 2680 locum
610 2613 647 2680 in
661 2614 741 2702 ipsis
756 2610 914 2678 brevibus
925 2615 1118 2692 contentos3
1142 2612 1235 2677 etad
1250 2609 1437 2677 faciendum
1451 2611 1488 2675 in

438 2715 591 2781 omnibus
606 2719 704 2802 prout
727 2715 764 2779 in
786 2713 883 2780 (116116
904 2713 1062 2778 brevibus
1084 2713 1281 2793 continetur,
1305 2714 1366 2777 sub
1389 2733 1488 2798 poena

439 2817 785 2884 excommunicationis
807 2815 942 2902 majoris
963 2816 1000 2880 in
1030 2835 1185 2901 personas
1208 2837 1321 2882 eorum
1342 2814 1428 2893 latre,
1459 2816 1488 2880 si

439 2919 574 2984 aionon
604 2918 750 2998 fecerint,
773 2922 808 2983 et
834 2919 871 2982 in
906 2917 1032 2984 virtute
1064 2916 1260 2983 obedientia
1294 2939 1361 3004 qua
1391 2917 1488 2983 nobis

439 3024 604 3100 tenentur,
629 3042 667 3088 ac
701 3021 787 3086 61661
820 3019 902 3084 alias
934 3019 1124 3086 canonicam
1146 3020 1315 3086 voluerint
1346 3019 1488 3106 effugere

440 3122 609 3201 ultionem,
639 3123 727 3210 ipsos
750 3121 794 3186 ad
816 3121 861 3200 id,
883 3129 1045 3207 quatenus
1067 3123 1245 3209 potuimus,
1270 3145 1328 3211 per
1359 3143 1488 3209 seques-

438 3225 617 3290 trationem
639 3223 856 3288 arctissimam
879 3223 1027 3288 omnium
1050 3223 1218 3290 fructuum
1233 3247 1367 3292 suorum
1389 3225 1488 3294 eoele-

440 3326 645 3393 siasticorum
690 3325 927 3411 compellentes
986 3324 1104 3406 Quoad
1139 3331 1345 3414 sequestrum
1376 3331 1486 3406 etiam,

439 3429 520 3507 alias
553 3449 592 3494 ea
626 3427 792 3494 occasione
814 3427 851 3492 in
882 3427 979 3492 dictis
1012 3427 1173 3494 fructibus
1205 3433 1241 3495 et
1272 3431 1367 3496 bonis
1389 3430 1487 3497 eecle-

439 3531 579 3598 siasticis
601 3531 778 3596 eorundem
800 3529 1043 3616 interpositum,
1057 3530 1216 3596 beneficia
1237 3531 1305 3598 alia
1327 3533 1490 3600 ecclesias-

439 3635 507 3700 tica
521 3655 589 3698 non
603 3633 728 3698 habent
742 3631 779 3696 in
793 3636 906 3697 nostra
921 3631 1062 3713 dioecesi,
1079 3653 1179 3719 quam
1194 3635 1277 3701 duas
1286 3636 1488 3723 praebendas,

439 3736 595 3821 magister
633 3733 839 3819 Radulphns,
869 3733 1024 3800 videlicet
1060 3735 1097 3799 in
1135 3736 1269 3802 eeclesia
1306 3737 1417 3815 Oestr’,
1456 3742 1490 3803 et

439 3838 592 3904 dominus
626 3835 773 3922 Rogerus
810 3835 847 3900 in
880 3836 1014 3901 ecelesia
1051 3837 1280 3925 Langecestr';
1303 3840 1341 3904 in
1362 3841 1488 3925 quibua,

439 3945 587 4028 tempore
619 3936 778 4024 sequestri
800 3936 863 4003 hae
885 3937 1051 4020 occasione
1074 3940 1181 4025 primo
1204 3940 1400 4028 interpositi,
1423 3963 1490 4007 non

439 4041 574 4108 fuerunt
596 4041 707 4127 aliqua
727 4039 816 4104 bona
837 4039 983 4129 inventa,
999 4045 1120 4126 praeter
1142 4042 1284 4109 decimas
1314 4044 1490 4131 garbarum

439 4143 647 4210 autumnales
668 4141 815 4208 flaturas:
838 4141 875 4206 in
890 4141 1023 4207 ecclesia
1039 4142 1150 4222 Castu,
1165 4144 1327 4224 videlicet,
1339 4145 1412 4232 jam
1426 4146 1490 4212 ool-

442 4246 543 4312 leotae
558 4249 592 4310 et
607 4244 764 4310 liberatas
779 4242 924 4310 Roberto
941 4242 1077 4326 Clerieo,
1094 4245 1135 4310 de
1150 4245 1262 4326 Oestr',
1278 4253 1312 4313 et
1327 4247 1490 4313 Willelmo

441 4348 529 4415 dicto
553 4354 570 4384 “
584 4346 687 4434 Byn,”
707 4347 749 4411 de
771 4345 894 4425 eadem,
917 4367 959 4412 ex
989 4367 1087 4412 causa
1116 4347 1245 4414 venditi
1275 4372 1336 4436 pro
1372 4350 1491 4436 xxxiij.

441 4449 567 4528 marcis,
603 4470 661 4536 per
692 4448 851 4516 decanum
877 4447 1141 4530 Dunolmensem,
1162 4451 1199 4515 in
1229 4451 1349 4539 quibus
1382 4476 1490 4521 eoram

441 4552 538 4618 nobis
552 4551 822 4618 condemnantur.
868 4550 912 4616 In
934 4551 1140 4640 Langeoestr’
1163 4575 1242 4620 vero
1263 4561 1343 4622 sunt
1357 4557 1492 4625 decimae

758 4791 764 4822 ¹
784 4791 831 4842 See
842 4791 860 4843 f.
872 4808 896 4857 p.
910 4797 958 4844 954
970 4793 1013 4844 the
1024 4795 1078 4847 first
1091 4795 1155 4846 vrit.
