3564 5744
403 749 490 814 1132
585 759 784 812 anemonen
805 757 1009 810 omnuim
1030 757 1272 809 nuumnunsu

249 965 371 1012 annu.
401 941 516 1010 Sanoti
546 941 708 1008 Bamaboe
735 937 897 1026 Apostoli,
918 937 1006 1004 anno
1029 937 1155 1006 Gratia
1178 939 1328 1007 n⁰oo⁰i⁰.
1350 959 1449 1020 nono,
1464 953 1596 1008 munke
1604 958 1625 999 1·

400 1043 613 1132 pontificatue
634 1040 741 1108 nostri
770 1061 857 1106 anno
887 1039 1138 1106 decimo-Nos
1169 1062 1248 1107 vero
1277 1041 1451 1128 praedictae
1746 1080 1747 1160 1

400 1145 602 1225 donationes,
624 1140 855 1223 conmunionee,
887 1147 922 1206 et
952 1140 1223 1221 confirmationes,
1255 1163 1383 1210 necnon
1415 1150 1450 1210 et
1746 1161 1747 1166 ’

401 1246 620 1323 donationem,
643 1264 742 1330 quam
764 1241 917 1310 fecerunt
938 1241 1062 1308 eisdem
1091 1243 1255 1308 eanonieis
1284 1244 1326 1310 de
1357 1243 1449 1312 Giao·

400 1347 496 1414 bum'
517 1346 620 1412 abbas
641 1349 677 1410 et
697 1346 878 1412 eonventus
912 1342 954 1409 de
985 1342 1091 1431 Augo,
1122 1343 1164 1409 de
1194 1348 1284 1411 terra
1314 1345 1357 1411 de
1387 1345 1451 1412 Ae·

400 1448 533 1534 lakeby,
556 1451 592 1511 et
620 1466 723 1532 quam
752 1445 849 1512 bonae
878 1443 1044 1510 memoriae
1073 1443 1250 1525 walterus,
1283 1447 1448 1531 quondam

400 1547 634 1615 Dunelmeneis
658 1546 836 1633 epiecopus,
859 1545 1076 1632 praedeoeeeor
1096 1551 1217 1636 noster,
1239 1547 1449 1615 confirmavit

401 1650 531 1728 eisdem,
546 1653 635 1714 roton
656 1647 826 1726 babentes,
841 1651 877 1712 et
898 1651 1020 1734 gratae,
1035 1646 1132 1733 ipone,
1155 1649 1354 1714 auctoritate
1369 1671 1449 1736 pon·

401 1751 526 1829 tifieali,
548 1751 586 1814 in
608 1749 755 1827 liberam,
779 1768 907 1834 puram,
929 1752 965 1813 et
988 1753 1179 1834 perpetuam
1202 1747 1450 1836 eleemosynam,

401 1853 568 1942 praediotae
591 1849 733 1916 ecelesiae
756 1848 798 1915 de
820 1848 1002 1928 Gisebum',
1033 1853 1068 1915 et
1088 1850 1253 1915 canonicis
1274 1851 1449 1938 proedietie,

401 1953 678 2031 oonfirmavimue,
699 1952 737 2015 in
764 1971 842 2016 usus
872 1949 1021 2037 proprios
1050 1956 1209 2038 perpetuo
1230 1952 1448 2038 possidendae

402 2057 444 2122 In
467 2055 560 2141 eujus
582 2053 630 2120 rei
652 2051 888 2131 teetim0nium,
903 2051 1049 2138 sigillum
1062 2057 1214 2118 nostrum
1234 2054 1450 2139 praesentibue

400 2155 559 2223 duximus
595 2152 837 2242 apponendum.
896 2151 1024 2218 Datum
1052 2153 1142 2239 apud
1172 2153 1339 2236 Gretham,
1371 2157 1452 2222 duo·

401 2256 527 2325 decimo
548 2255 614 2320 kni
638 2254 846 2336 Novembris,
868 2274 957 2320 anno
971 2252 1108 2319 Domini
1121 2267 1250 2322 n0.ooo⁰.
1266 2257 1449 2336 undecimo,

401 2366 436 2427 et
456 2357 670 2446 pontifieatus
682 2356 798 2421 ‘nostri
819 2355 935 2441 primo.

234 2577 368 2640 manant
403 2595 480 2648 cm,
490 2595 555 2646 Ad„
632 2558 795 2626 Omnibus
825 2557 951 2625 christi
981 2558 1134 2624 fidelibus
1163 2569 1357 2646 praeeentem
1380 2583 1451 2629 car-

232 2628 378 2776 ffizuffi
402 2662 536 2728 deBogn’.
587 2667 658 2728 tam
679 2660 800 2726 visuris
822 2659 877 2726 vel
907 2658 1079 2742 audituris,
1111 2661 1282 2744 Rioardue,
1313 2663 1448 2750 permis·

234 2778 332 2830 Beona
403 2765 494 2832 sione
538 2763 663 2842 divina,
709 2760 880 2847 epiecopus
933 2759 1175 2840 Dunolmensis,
1220 2763 1361 2830 salutem
1412 2765 1449 2829 in

399 2865 544 2931 Domino
584 2863 825 2949 sempiternam.
872 2859 1046 2926 Noveritis
1081 2883 1142 2928 nos
1180 2867 1381 2943 conoesaiase,
1415 2871 1450 2932 et

399 2965 461 3032 hae
482 2963 638 3051 praesenti
660 2967 752 3027 corn
774 2964 889 3028 nostra
910 2962 1127 3041 confirmasse,
1142 2964 1226 3030 Adae
1250 2966 1291 3030 de
1314 2965 1449 3054 Boghea,

399 3087 460 3157 pro
481 3064 633 3151 homagio
667 3067 703 3128 et
732 3063 869 3128 servitio
901 3083 970 3142 suo,
1003 3063 1078 3128 illae
1112 3065 1311 3152 quingentae
1334 3073 1369 3134 et
1391 3091 1450 3134 sex

400 3187 490 3235 aeras
512 3172 610 3233 terrae
631 3165 669 3229 in
699 3163 809 3250 noya,
831 3185 905 3229 oum
935 3163 1157 3251 pertinentiis,
1182 3167 1332 3252 jacentes
1361 3170 1449 3236 inter

400 3268 556 3347 Yweden‚
579 3266 622 3332 ad
644 3270 744 3351 eaput
773 3263 941 3344 orientale,
964 3267 999 3330 et
1029 3266 1120 3333 viam
1142 3289 1218 3352 quoe
1241 3291 1275 3334 ee
1297 3272 1450 3337 extendit

400 3371 441 3438 de
463 3370 600 3436 Neuton
621 3388 735 3432 versus
757 3371 926 3444 eoeteram,
949 3366 993 3432 ad
1015 3373 1114 3453 eaput
1136 3370 1343 3453 occidentale,
1367 3394 1448 3458 quas

400 3472 587 3537 Wilielmua
609 3471 650 3535 de
673 3466 848 3553 Fnlderley
870 3467 1037 3553 quondam
1059 3468 1186 3548 habuit,
1209 3494 1251 3538 ex
1273 3472 1448 3541 donatione

400 3580 435 3640 et
456 3572 661 3643 oonoeaeione
684 3569 812 3635 domini
841 3569 991 3650 Antonii,
1014 3570 1111 3636 bonae
1139 3573 1312 3656 memoriae,
1343 3596 1446 3660 quon-

399 3677 476 3742 dam
527 3671 763 3739 Dunolmeneie
815 3670 968 3757 episcopi,
1023 3671 1269 3758 praedecessoris
1320 3678 1448 3758 nostri3

398 3776 585 3843 habendum
623 3778 657 3839 et
694 3772 882 3850 tenendum,
919 3772 961 3837 de
998 3773 1094 3838 nobie
1132 3779 1167 3839 et
1211 3779 1448 3844 suceessoribus

399 3879 527 3957 nostris,
560 3877 650 3943 dioto
682 3873 766 3940 Adae
797 3878 832 3939 et
862 3873 1048 3939 haeredibus
1079 3875 1155 3954 suis,
1187 3875 1297 3956 libere,
1329 3881 1448 3964 quiete,

331 4009 334 4014 ·
398 3979 531 4068 paeiiiee
572 3984 607 4044 et
649 3977 787 4062 integro,
830 3974 867 4039 in
912 3980 1131 4062 perpetuum3
1170 3979 1337 4045 reddendo
1369 3980 1448 4047 inde

398 4081 572 4148 annuatim
602 4076 698 4143 nobie
729 4081 764 4142 et
797 4075 1037 4142 suecessoribus
1070 4079 1201 4158 nostris,
1232 4085 1268 4146 et
1306 4081 1447 4150 eecleaiae

397 4189 527 4262 nostroe,
558 4181 601 4247 ed
630 4176 827 4246 soaooarium
856 4177 1088 4260 Dunolmenae‚
1112 4179 1229 4266 miij.
1254 4182 1374 4248 solidos
1395 4205 1448 4249 ar-

397 4286 500 4374 genti,
522 4283 565 4349 ad
597 4286 741 4369 quatuor
762 4278 920 4345 terminos
942 4279 1022 4344 anni
1044 4279 1081 4343 in
1104 4281 1292 4368 episcopatu
1321 4284 1447 4351 Dunol·

398 4388 503 4454 mensi
525 4385 730 4460 constitutos,
752 4401 811 4467 pro
838 4380 990 4446 omnibus
1020 4381 1171 4460 servitiis,
1202 4386 1447 4451 consuetudini·

398 4492 468 4567 bus,
498 4487 604 4565 sectis,
634 4484 732 4550 ouriae
762 4486 797 4548 et
826 4481 1097 4562 molendinorum,
1120 4489 1155 4548 et
1186 4487 1339 4552 omnibus
1372 4488 1447 4553 aliis

399 4587 624 4658 exactionibus
647 4583 863 4654 eaeeuleuibue
911 4583 1019 4665 Quae
1050 4585 1202 4651 volumus
1234 4593 1268 4653 ot
1301 4589 1446 4656 eoncedi-
1518 4663 1522 4674 Ι
