3506 5702
410 807 476 880 772
591 823 789 875 snsmrnnu
812 819 1013 872 rsmrmnn
1035 817 1283 870 nosnnunnsn.

259 1023 384 1070 smne
412 1016 447 1076 et
479 1007 740 1086 Hovcdenshire,
769 1006 921 1086 salutem,
949 1006 1091 1095 grctiem
1126 1011 1161 1072 e't
1186 1001 1635 1072 benedictionemffloisco

243 1085 509 1192 mnemon,
532 1109 573 1175 os
595 1109 711 1175 cneco
734 1109 849 1188 nostri,
872 1109 998 1175 oomni
1020 1108 1184 1175 nonaum
1206 1107 1247 1174 ‹10
1270 1101 1462 1172 concesse

244 1185 376 1282 bille
412 1213 537 1291 muso,
568 1211 731 1278 sueones
765 1215 801 1276 es
822 1209 989 1288 neuma
1019 1211 1152 1298 plenam
1186 1208 1341 1274 fisum
1377 1205 1464 1271 occi-

244 1285 358 1334 omues
412 1320 537 1394 nentes,
553 1313 662 1400 ipsum
683 1313 721 1377 in
741 1311 914 1378 Hoveden'
928 1317 964 1379 et
978 1310 1229 1378 Hovedenshire
1251 1308 1463 1375 senescallum

411 1423 562 1482 nostrum
585 1421 620 1480 et
641 1414 813 1492 bellinum,
827 1419 941 1480 tenore
962 1412 1185 1501 praesentium,
1200 1411 1413 1501 preelecimus,
1428 1413 1463 1475 et

411 1519 569 1584 duximus
590 1514 823 1594 ordinandum,
844 1515 962 1582 dentes
983 1515 1090 1581 eidem
1113 1515 1244 1603 plenem
1266 1519 1302 1580 et
1323 1513 1462 1578 liberem

412 1623 610 1706 potestatem
641 1617 794 1699 faciendi,
817 1615 994 1682 exercendi
1024 1623 1060 1683 et
1081 1615 1276 1704 exequendi,
1295 1613 1443 1680 omniset

411 1719 544 1806 singule
565 1739 639 1804 quae
662 1740 720 1804 per
741 1716 882 1784 ballivos
904 1723 939 1784 et
962 1718 1153 1784 senescallos
1184 1718 1221 1782 in
1244 1716 1366 1782 eisdem
1388 1737 1463 1802 pcr-

411 1820 502 1887 tibns
532 1825 784 1897 consueverunt,
799 1817 853 1884 vel
876 1825 1020 1905 possent,
1041 1840 1174 1906 quoquo
1197 1817 1295 1884 modo
1316 1817 1397 1897 fieri,
1424 1822 1460 1883 et

292 1979 296 1990 .
411 1923 513 1988 etiem
536 1921 679 1988 exemeri
691 1945 700 2001 ;
730 1919 826 1986 vobis
847 1922 1052 2004 mandemus,
1075 1922 1217 1988 firmiter
1237 1921 1462 2008 injungentes,

412 2030 577 2111 quotenus
604 2022 710 2089 eidem
739 2021 775 2088 in
798 2023 951 2090 omnibus
981 2046 1056 2111 quoe
1086 2025 1130 2090 ed
1160 2022 1388 2090 senescalciam
1410 2019 1463 2087 vel

411 2125 582 2190 belliviem
606 2123 782 2212 praedictes
813 2125 990 2211 pertinent,
1012 2147 1071 2193 seu
1100 2126 1264 2212 pertinere
1294 2126 1462 2211 potenmt,

413 2227 693 2314 qualitercunque,
716 2229 818 2313 prout
840 2227 1065 2304 consuevistis,
1080 2230 1115 2293 et
1137 2226 1273 2312 dejure
1294 2225 1463 2302 tenemini,

413 2329 486 2394 sitis
516 2328 728 2397 intendentes
757 2326 929 2394 humiliter
951 2334 986 2394 et
1011 2333 1172 2415 parentes,
1196 2350 1234 2395 eo
1256 2328 1364 2394 eidem
1387 2351 1463 2395 con·

412 2431 523 2496 silium
561 2434 596 2494 et
632 2428 804 2506 auxilium,
842 2429 996 2517 quotiens
1029 2430 1107 2496 inde
1144 2452 1204 2496 vos
1240 2431 1460 2516 requisiverit,

412 2530 557 2597 fideliter
571 2525 576 2532 ’
590 2529 795 2597 exhibentes
857 2531 899 2596 In
930 2532 1023 2618 cujus
1056 2531 1105 2596 rei
1136 2531 1374 2612 testimonium,
1403 2535 1463 2599 hes

413 2631 528 2698 literas
558 2633 647 2697 dicto
677 2631 812 2699 domino
845 2632 995 2699 Johenni
1029 2633 1101 2700 fieri
1133 2633 1271 2701 fecimus
1301 2640 1461 2723 petentes,

413 2734 522 2820 sigillo
544 2739 658 2800 nostro
679 2734 834 2820 signatos,
858 2756 962 2822 usque
984 2737 1027 2802 ed
1048 2741 1198 2804 nostrum
1220 2737 1463 2826 beneplacitum

414 2836 598 2900 duraturos
636 2834 762 2900 Detum
784 2835 873 2922 opud
889 2836 1069 2917 Hoveden’,
1084 2843 1202 2925 quarto
1224 2840 1279 2906 die
1300 2839 1463 2920 ianuarii,

411 2957 499 3002 enno
521 2936 658 3002 Domini
680 2937 853 3004 millesimo
875 2951 950 3006 000⁰.
965 2939 1219 3025 quintodecimo,
1242 2945 1276 3006 et
1298 2963 1463 3010 consecre-

410 3037 512 3104 tionis
533 3041 654 3105 nostrae
676 3037 803 3124 quinto.

242 3256 392 3362 ppffltpnqn
410 3264 561 3345 ⁰0¹¹3¹1¹issl⁰
573 3269 654 3333 mi.
733 3239 902 3322 Ricerdus,
932 3245 1143 3332 permissione
1178 3247 1301 3328 divine,
1336 3251 1463 3319 Dunol-

242 3359 330 3402 oernn
409 3334 586 3448 fflflffffl
609 3350 653 3400 gc-
686 3345 806 3408 mensis
818 3344 995 3433 episcopus,
1009 3347 1171 3414 universis
1182 3355 1217 3415 et
1232 3351 1371 3438 singulis
1386 3356 1461 3420 sub

242 3419 367 3558 ffirs
410 3411 543 3453 nemum.
684 3444 764 3512 ditis
779 3446 908 3524 nostris,
924 3451 994 3512 tem
1009 3448 1141 3531 clericis,
1158 3472 1257 3537 quem
1272 3453 1463 3536 lcicis,oivi-

337 3541 343 3554 '
409 3546 491 3611 tetis
514 3551 549 3612 et
571 3547 721 3613 dioecesis
743 3552 866 3614 nostres
887 3548 1129 3630 Dunolmensis,
1144 3553 1293 3633 salutem,
1317 3558 1461 3644 gretiam

410 3651 445 3710 et
475 3647 748 3715 benedictionem.
808 3647 895 3728 Quia
924 3649 1065 3718 salutem
1096 3661 1131 3720 et
1153 3656 1260 3722 vitem
1283 3659 1461 3744 querimus

411 3747 608 3827 animorum,
631 3771 669 3815 sc
691 3751 747 3836 pis
769 3750 916 3816 omnium
938 3759 1086 3819 vestrum
1111 3757 1280 3839 desiderio,
1305 3781 1363 3846 per
1385 3783 1461 3848 quae

408 3847 494 3914 liber
515 3848 612 3916 vobis
634 3871 780 3916 eocessm
803 3851 847 3916 sd
868 3851 943 3918 coeli
966 3855 1108 3940 petriam
1139 3861 1306 3946 procurari
1327 3867 1458 3949 poterit,

409 3950 613 4017 intendimus
633 3951 747 4018 favore
768 3953 921 4040 prosequi
943 3957 1099 4041 gratioso,
1113 3959 1269 4028 discretos
1289 3966 1386 4045 viros,
1402 3966 1459 4033 do-

409 4053 516 4118 minos
546 4053 704 4120 Thomem
736 4055 776 4119 de
799 4053 1026 4140 Wynestowe,
1049 4057 1237 4129 Johennem
1267 4065 1310 4131 de
1334 4065 1458 4148 Leton’,

401 4151 610 4221 ‚Willelmum
627 4155 668 4220 de
684 4155 822 4222 Couton'
837 4161 873 4222 et
895 4157 1074 4226 Hemionm
1096 4164 1137 4228 de
1153 4164 1327 4246 Oestro‚‘et
1347 4191 1458 4236 eorum

408 4254 591 4339 quemlibet
628 4255 770 4322 ecclesiae
806 4262 930 4326 nostrae
966 4261 1163 4331 cathedralis
1200 4241 1384 4350 monechos,
1417 4272 1457 4339 de

408 4377 548 4440 quorum
579 4358 718 4444 provido
740 4357 1030 4446 circumspectione
1060 4365 1216 4433 fiduciam
1247 4369 1284 4434 in
1314 4371 1458 4441 Domino

407 4457 551 4542 gerimus
587 4458 778 4544 pleniorem,
815 4462 1079 4546 poenitentierios
1116 4475 1247 4536 nostros
1279 4475 1455 4560 generales,

407 4557 443 4620 in
465 4558 601 4624 civitate
630 4567 665 4626 et
687 4560 821 4626 dioecesi
851 4563 1030 4649 praedictis,
1054 4567 1211 4637 duximus
1233 4574 1458 4661 assignandos,

406 4677 518 4730 eornm
541 4659 685 4742 cuilibet,
707 4663 743 4727 in
766 4662 896 4731 casibus
919 4667 1016 4734 nobis
1037 4671 1213 4757 permissis,
1236 4678 1272 4740 et
1292 4697 1314 4742 e
1335 4699 1458 4746 conone
