3362 5720
387 889 586 938 anersrauu
609 887 810 940 arnamuuu
833 889 1074 940 nuuanunusn.
1171 877 1255 940 1301

20 1080 282 1145 marmarum
314 1080 502 1164 pervenerit
546 1079 713 1158 Ricardus,
761 1078 827 1144 Dei
866 1080 983 1167 gratia,
1021 1078 1258 1146 Dunolmensis
1286 1087 1411 1133 «tv-181&

211 1178 390 1266 episcopus,
420 1181 560 1247 salutem
593 1181 630 1245 in
664 1180 815 1246 Domino.
879 1181 1021 1248 Noverit
1057 1181 1257 1248 universitas

211 1284 330 1357 vestra,
339 1302 399 1347 nos
414 1288 537 1348 cartam
551 1282 648 1348 bonae
664 1283 828 1349 memoriae
843 1281 997 1368 Philippi,
1012 1281 1258 1370 praedecessoris

210 1381 324 1459 nostri,
336 1383 502 1468 quondam
517 1383 752 1449 Dunolmensis
764 1384 917 1470 episcopi,
932 1385 1123 1470 inspexisse,
1138 1385 1175 1448 in
1189 1383 1261 1449 haec

211 1482 557 1570 verbm-Philippus,
588 1483 651 1549 Dei
682 1485 799 1571 gratia,
822 1485 1056 1551 Dunolmensis
1079 1486 1258 1571 episcopus,

212 1584 362 1650 omnibus
395 1585 585 1652 hominibus
614 1586 717 1651 totius
751 1586 957 1673 episcopatus
980 1587 1040 1668 sui,
1068 1587 1203 1651 Francis
1226 1591 1260 1651 et

211 1684 337 1772 Anglis,
360 1687 506 1753 salutem.
563 1685 683 1753 Sciatis
715 1709 775 1753 nos
805 1688 1005 1766 concessisse,
1037 1695 1071 1753 et
1104 1687 1260 1774 praesenti
1390 1677 1392 1681 ’

110 1811 113 1816 ·
212 1792 303 1852 carta
318 1787 532 1866 confirmasse,
548 1788 731 1876 Reginaldo
745 1789 787 1854 de
803 1788 941 1855 Oemera
955 1789 1138 1856 custodiam
1153 1795 1257 1875 portae

211 1887 410 1974 leprosorum
433 1889 474 1955 de
498 1889 681 1968 Shirburn’,
697 1912 772 1957 cum
794 1891 941 1956 corrodio
971 1912 1038 1968 suo,
1061 1895 1095 1954 et
1117 1889 1261 1955 hominis

214 1991 273 2067 sui,
299 1989 385 2056 sicut
408 2012 450 2056 ex
472 1991 652 2056 donatione
679 1990 841 2077 Hu'gonia,
864 1990 959 2057 bonae
981 1991 1156 2069 memoriae,
1178 2012 1261 2078 prae·

217 2092 391 2157 decessoris
413 2093 527 2169 nostri,
550 2092 689 2173 habuit3
711 2098 755 2173 et,
777 2093 813 2155 in
838 2093 1000 2159 escambio
1022 2094 1122 2157 unius
1144 2114 1262 2159 mareae

213 2195 351 2279 argenti,
383 2215 482 2279 quam
521 2216 563 2258 ex
609 2194 785 2260 donatione
833 2193 983 2281 praedicti
1020 2193 1263 2279 praedecessoris

215 2296 331 2375 nostri,
362 2317 421 2384 pro
454 2295 603 2363 custodia
641 2295 738 2362 dictae
769 2300 882 2382 portae,
906 2296 1080 2360 annuatim
1111 2296 1262 2374 habebat,

216 2399 442 2477 concessimus,
465 2404 499 2463 et
533 2398 689 2485 praesenti
727 2404 818 2464 carta
849 2397 1121 2476 confirmavimus,
1156 2396 1263 2462 eidem

217 2500 399 2587 Reginaldo
414 2501 633 2587 quadraginta
652 2521 743 2566 acrae
759 2505 856 2565 terrae
871 2499 907 2564 in
921 2499 1003 2564 villa
1025 2500 1066 2564 de
1082 2499 1264 2576 Shirbmu’,

216 2628 291 2673 cum
315 2605 400 2672 tofto
424 2611 458 2672 et
472 2605 583 2684 cresto,
604 2605 772 2670 habendas
794 2609 828 2669 et
850 2605 1009 2670 tenendas
1025 2604 1089 2669 sibi
1113 2611 1147 2670 et
1161 2605 1264 2670 haere-

216 2709 314 2774 dibus
336 2709 413 2785 suis,
435 2707 546 2785 libere,
582 2703 758 2771 honorifice
788 2712 823 2771 et
854 2706 973 2792 quiete,
998 2707 1164 2772 reddendo
1186 2707 1264 2772 inde

217 2809 388 2877 annuatim
425 2809 592 2897 praedictae
621 2808 738 2875 domui.
761 2807 801 2873 de
825 2806 996 2872 Shirburn’
1019 2829 1119 2872 unam
1146 2808 1264 2872 libram

216 2933 307 2990 cerae,
322 2912 358 2976 in
382 2910 499 2997 vigilia
521 2911 653 2976 Sanctae
679 2909 794 2974 Mariae
810 2908 1023 2995 Magdalenae,
1038 2908 1082 2973 ad
1104 2907 1265 2972 luminare

216 3013 368 3079 ecclesiae.
414 3012 523 3093 Quare
538 3011 691 3076 volumus
706 3016 740 3076 et
755 3009 962 3097 praecipimus
979 3009 1066 3094 quod
1089 3009 1266 3095 praedictus

218 3114 430 3203 Reginaldus‚
454 3119 488 3180 et
502 3113 649 3179 haeredes
671 3111 750 3198 ejus,
764 3111 956 3197 praedictam
972 3115 1095 3176 terram
1119 3110 1266 3176 habeant

218 3222 253 3283 et
282 3222 427 3295 teneant,
457 3216 544 3281 siout
573 3213 768 3300 praedictum
799 3218 856 3290 est,
888 3213 997 3290 libere,
1027 3211 1204 3276 honorifice
1233 3216 1268 3277 et
1382 3268 1388 3278 .

219 3319 337 3405 quiete,
360 3340 420 3404 pro
440 3318 597 3403 praedicto
620 3315 756 3380 servitio
777 3314 977 3404 inpasouis·
995 3319 1029 3377 et
1051 3314 1203 3398 pasturis,
1227 3313 1264 3377 in

219 3420 319 3484 moris
341 3426 376 3484 et
397 3419 553 3497 mariscis,
576 3418 613 3482 in
638 3419 703 3482 viis
730 3423 765 3482 et
790 3415 923 3493 semitis,
948 3413 985 3477 in
1007 3413 1200 3478 introitibus
1233 3419 1268 3478 et

219 3522 373 3598 exitibus,
388 3521 473 3585 etin
497 3519 649 3584 omnibus
663 3518 738 3583 aliis
760 3515 971 3591 aisiamentis,
991 3513 1162 3600 inquibus
1186 3536 1267 3600 prae-

220 3626 311 3692 dicta
334 3625 450 3689 domus
480 3621 521 3687 de
557 3621 729 3687 Shirburn'
764 3619 888 3684 dictam
917 3621 1037 3682 terram
1071 3616 1266 3702 possidebat.

220 3727 296 3791 Hiis
312 3725 463 3804 testibus,
479 3725 659 3802 Bertramo,
674 3721 780 3808 priore
808 3725 842 3784 et
864 3717 1014 3783 Americo
1041 3717 1269 3782 archidiacono

221 3827 509 3903 Dunolmensibus,
525 3825 683 3912 magistro
697 3823 849 3888 Johanne
876 3822 917 3886 de
933 3819 1089 3896 London',
1112 3819 1269 3905 magistro

221 3929 449 4006 Constantino,
473 3927 621 3992 Jordano
647 3925 760 4006 Escol'‚
785 3923 893 3988 Leone
923 3922 964 3986 de
1000 3920 1110 3998 Heriz,
1142 3920 1269 4006 Rogero

223 4033 366 4110 Daudre,
382 4029 572 4096 Christiano
586 4028 618 4092 le
641 4026 792 4104 Mascon’,
809 4029 843 4090 et
859 4021 1023 4088 Richardo
1046 4025 1080 4086 et
1095 4020 1268 4100 Willelmo,

220 4134 298 4199 filiis
321 4133 400 4219 ejus,
423 4135 457 4196 et
480 4129 625 4195 Waltero
649 4129 751 4193 fratre
778 4126 856 4212 ejus,
879 4122 1043 4188 Willelmo
1068 4123 1109 4186 de
1141 4121 1272 4188 white·

223 4236 316 4316 well’,
339 4235 485 4301 Ameldo
520 4233 634 4300 clerico
668 4229 832 4296 Dauclent
862 4231 896 4292 et
925 4225 1040 4290 mult-is
1069 4222 1270 4288 aliis-Nos

223 4347 336 4406 autem
359 4337 551 4425 praedictam
570 4333 816 4409 concessionem,
832 4334 867 4394 et
890 4325 1172 4392 confirmationem
1186 4344 1271 4409 prae·

224 4443 305 4508 dicti
343 4439 498 4525 Philippi,
521 4434 783 4524 praedecesscris·
797 4429 910 4509 nostri,
941 4433 1070 4515 gratam
1101 4431 1135 4489 et
1165 4431 1270 4490 ratem

224 4545 391 4618 habentos,
407 4563 479 4606 eam
502 4539 658 4625 praedicto
681 4532 864 4620 Reginaldo
891 4531 931 4594 de
948 4529 1093 4604 Camere,
1116 4533 1150 4591 et
1171 4527 1271 4591 haere-

225 4645 322 4708 dibus
342 4642 419 4722 suis,
435 4637 701 4706 confirmavimus
716 4640 750 4700 et
764 4631 935 4719 praesentis
952 4627 1066 4716 scripti
1080 4627 1271 4692 testimonio

225 4743 325 4830 sigilli
368 4741 473 4807 nostri
507 4738 688 4804 munimine
721 4733 954 4801 roboravimus.
1013 4729 1090 4796 Hiis
1123 4729 1271 4806 testibus
