3566 5712
526 818 725 868 aasrsrauu
747 817 951 868 amasinum
973 819 1216 868 nuusnuarsa.
1310 805 1396 869 1033

178 1017 332 1071 cananea.
349 1006 684 1085 westmonasterium,
719 1009 754 1072 in
785 1008 910 1072 octabis
933 1008 1048 1073 Sancti
1084 1009 1221 1074 Martini
1248 1009 1398 1095 proximo
1429 1011 1484 1055 AB·
1493 1015 1551 1056 1³1⁴·

345 1109 531 1193 praeteritis,
554 1110 598 1173 ad
628 1109 890 1195 respondendum
922 1110 1091 1196 Stephano
1114 1110 1154 1175 de
1189 1111 1274 1176 Malo
1301 1110 1397 1187 Lacu,

346 1231 436 1274 nunc
459 1232 606 1296 personae
633 1211 775 1276 ecclesiae
800 1213 841 1276 (16
866 1211 1035 1299 Hoghton,
1059 1215 1100 1277 de
1122 1213 1246 1299 placito
1268 1212 1399 1296 aequie-

346 1311 482 1378 tationis
521 1311 646 1390 debiti3
678 1317 712 1376 et
746 1313 820 1378 ideo
850 1313 945 1378 vobis
993 1315 1196 1391 mandamus,
1230 1315 1316 1400 quod
1351 1335 1399 1376 se-

346 1419 524 1500 questrum,
540 1415 568 1477 si
591 1415 677 1498 quod
700 1415 736 1478 in
766 1415 860 1480 bonis
890 1416 1115 1482 ecclesiasticis
1145 1417 1248 1502 ipsius
1271 1415 1399 1500 Rogeri,

345 1537 384 1580 ea
405 1515 578 1593 occasione,
601 1517 723 1601 apponi
745 1516 897 1594 feceritis,
919 1518 972 1582 vel
1003 1518 1031 1582 si
1053 1517 1180 1604 aliquid
1211 1517 1287 1583 inde
1310 1517 1399 1580 leva·

344 1617 468 1694 veritis,
492 1618 563 1682 sine
586 1618 745 1683 dilatione
768 1619 907 1684 relaxari
930 1619 1058 1685 faciatis
1073 1619 1195 1684 eidam.¹
1226 1618 1331 1696 Teste,
1355 1617 1397 1682 H.

346 1718 386 1782 de
419 1717 604 1799 Staunton’,
636 1719 725 1805 apud
752 1720 1089 1800 westmonasterium,
1120 1718 1228 1805 xviij0.
1253 1720 1306 1785 die
1329 1719 1399 1784 No-

346 1820 497 1898 vembris,
520 1841 608 1886 anno
631 1822 725 1908 regni
748 1824 852 1887 nostri
877 1829 1000 1888 octavo

346 2070 428 2119 Breve
439 2067 612 2133 domininus
691 2027 884 2106 Edwardus‚
916 2027 980 2092 Dei
1017 2029 1134 2114 gratia,
1167 2051 1227 2094 rex
1258 2029 1397 2115 Angliae,
1411 2044 1547 2140 &tim

346 2151 392 2198 pro
413 2138 534 2199 magistro
562 2135 613 2183 Ra·
646 2128 800 2192 domiuus
830 2128 1008 2206 Hiberniae,
1040 2135 1074 2194 et
1104 2130 1173 2193 dux
1199 2131 1534 2216 marcomannes

346 2200 613 2267 ⁶³¹⁹¹¹⁰⁶ffl⁰¹b²⁰¹¹²
647 2230 828 2294 venerabili
866 2231 902 2294 in
941 2229 1073 2296 caasa
1111 2232 1209 2318 patri,
1249 2232 1397 2312 azoara,
1411 2195 1537 2306 {ababa

348 2335 460 2399 eadem
485 2333 631 2420 [gratia],
655 2331 870 2395 Dunolmensi
894 2332 1052 2418 episcope,
1075 2332 1222 2398 salutem.
1264 2298 1526 2441 ‚Sssiaissffidffi

347 2435 435 2521 quod
450 2435 608 2520 magister
622 2432 818 2518 Radulphus
841 2433 881 2497 de
897 2432 1063 2513 Holbeeh’,
1080 2457 1166 2499 unus
1188 2440 1399 2501 executorum

347 2537 538 2602 testamenti
560 2535 711 2622 magistri
734 2533 892 2598 willelmi
921 2534 962 2599 (16
994 2535 1115 2600 Sancto
1142 2537 1316 2624 Botulpho,
1339 2538 1400 2602 du·

348 2639 428 2704 dum
451 2659 596 2726 persona
619 2636 760 2701 ecclesiae
776 2635 818 2699 de
841 2635 1017 2722 Hoghton',
1033 2637 1188 2715 defuncti,
1211 2639 1278 2704 fuit
1292 2661 1399 2706 coram

348 2741 526 2805 baronibus
548 2739 589 2803 (16
613 2737 781 2803 Scacoario
807 2744 919 2802 nostro
950 2740 1039 2823 apud
1063 2739 1399 2819 westmonasterium,

346 2844 382 2906 in
405 2841 529 2907 octabis
564 2841 676 2905 Sancti
711 2839 851 2932 Martini
880 2841 1029 2925 proximo
1063 2843 1248 2927 praeteritis,
1278 2843 1321 2908 ari
1353 2865 1400 2907 re-

346 2933 572 3030 spondendum
606 2941 774 3026 Stephano
809 2941 849 3006 de
884 2941 973 3006 Malo
1005 2943 1102 3023 Lacu,
1135 2966 1222 3009 nunc
1254 2967 1400 3030 personae

347 3045 488 3110 ecclesiae
511 3045 551 3109 de
574 3043 750 3130 Hogbton',
781 3042 822 3108 de
853 3043 972 3128 placito
1002 3045 1253 3130 acquietationis
1276 3047 1379 3112 debiti
1391 3071 1399 3127 ;

347 3152 381 3212 et
403 3146 476 3212 ideo
498 3145 592 3210 vobis
623 3145 824 3221 mandamus,
848 3146 935 3230 quod
965 3153 1178 3232 sequestrum,
1202 3148 1230 3211 si
1253 3149 1341 3233 quod
1364 3149 1399 3212 in

347 3249 442 3314 bonis
464 3247 690 3314 ecclesiasticis
714 3247 818 3333 ipsius
852 3248 1001 3334 magistri
1035 3249 1215 3335 Radulphi,
1239 3271 1278 3314 ea
1307 3271 1399 3316 occa-

347 3352 448 3429 sione,
471 3351 592 3436 apponi
623 3350 774 3428 feceritis,
806 3349 877 3414 sine
909 3350 1067 3415 dilatione
1100 3351 1240 3415 relaxari
1271 3350 1399 3416 faciatis

347 3453 460 3518 eidem.
508 3450 612 3528 Teste,
629 3451 671 3516 H.
692 3452 733 3516 de
757 3450 940 3527 Staunton’,
958 3451 1047 3536 apud
1062 3449 1400 3529 westmonasterium,

347 3551 451 3640 xviij0.
476 3554 530 3619 die
553 3553 761 3630 Novembris,
784 3574 872 3617 anno
894 3552 986 3637 regni
1009 3553 1115 3617 nostri
1139 3557 1264 3619 octavo.

347 3769 430 3818 Breve
441 3768 536 3818 domini
547 3766 614 3832 regis
705 3758 778 3822 Rex
823 3757 1006 3822 vicecomiti
1057 3757 1205 3836 Eboraci,
1251 3758 1398 3827 salutem.
1413 3773 1465 3868 313
1469 3775 1548 3870 *griffina

348 3833 615 3964 ffiffissfflfi
649 3861 740 3927 Scias
763 3861 851 3945 quod
886 3860 1031 3946 Rogatus
1053 3860 1084 3925 le
1107 3861 1226 3936 Olerk’,
1253 3863 1400 3947 praeben·
1413 3875 1525 3968 thfflffff

349 3983 426 4032 scopo
437 3966 608 4017 Dauermensi.
649 3965 761 4028 darius
777 3964 817 4027 de
840 3963 1053 4049 Langecestr’,
1077 3984 1164 4028 unus
1187 3970 1400 4030 executorum
1413 3938 1548 4069 {tffiffssffig

348 4067 538 4133 testamenti
561 4066 710 4153 magistri
733 4064 890 4129 willelmi
920 4065 961 4129 de
992 4065 1112 4130 Sancto
1143 4065 1318 4152 Botulpho,
1340 4067 1401 4131 du·
1551 4057 1557 4070 ⁵

349 4172 428 4235 dum
451 4191 598 4255 personae
622 4167 765 4234 ecclesiae
788 4168 828 4231 de
844 4165 1020 4251 Hoghton’,
1037 4166 1195 4245 defuncti,
1210 4167 1277 4232 fuit
1292 4188 1400 4234 eoram

349 4273 526 4338 baronibus
541 4270 582 4336 (16
598 4269 766 4335 Scaccario
780 4272 893 4333 nostro
908 4268 997 4351 apud
1013 4267 1350 4347 westmonasterium,
1365 4271 1402 4350 in

350 4374 476 4440 octabis
492 4373 606 4439 Sancti
627 4371 764 4436 Martini
780 4369 928 4456 proximo
944 4370 1128 4453 praeteritis
1148 4372 1191 4435 ad
1207 4373 1403 4457 responden·

351 4475 430 4540 dum
447 4475 617 4562 Stephano
639 4473 680 4537 (16
700 4471 788 4536 Malo
811 4471 907 4546 Lacu,
923 4490 1010 4534 nunc
1032 4492 1177 4557 personae
1194 4472 1335 4540 ecclesiae
1360 4473 1401 4539 do

353 4578 544 4663 Hogthton’,
561 4577 601 4640 de
624 4575 745 4662 placito
767 4572 1016 4658 acquietationis
1038 4573 1140 4637 debiti
1152 4597 1161 4650 ;
1187 4580 1221 4638 et
1243 4575 1317 4639 ideo
1338 4575 1401 4642 tibi

352 4680 570 4766 praecipimus,
594 4677 681 4762 quod
704 4676 813 4740 exitus
844 4681 1004 4739 terrarum
1020 4675 1153 4740 Ricardi
1170 4677 1401 4744 Dunelmensis
