3354 5702
432 515 519 581 1288
612 524 812 576 scemenum
833 523 1035 576 ememus
1055 521 1298 576 nmmnumsen

279 717 401 766 mmo
431 708 521 796 opud
547 707 703 788 Stekton,
722 706 831 794 xxiij0.
854 707 908 774 die
931 707 1144 795 Septembris,
1160 727 1248 774 enno
1269 708 1404 786 Domini
1424 705 1475 774 11⁰.
1485 724 1602 778 mum

431 822 509 880 000⁰.
533 809 783 896 quintodecimo,
808 815 843 876 et
864 809 1118 879 mnsecceionis
1138 814 1261 876 nostm
1283 810 1408 895 quinto.

267 1011 416 1108 wi&
594 1069 601 1082 .
744 1020 912 1098 Ricerdus‚
934 1019 998 1086 Dei
1018 1019 1135 1108 gretie,
1161 1020 1331 1107 episcopus
1352 1019 1479 1086 Dunol-

267 1112 355 1157 ⁰¹⁸¹²²f
434 1069 651 1215 ffiffffio
700 1121 830 1199 mensis,
848 1120 999 1188 omnibns
1021 1121 1065 1187 ed
1080 1141 1162 1206 quos
1183 1127 1361 1207 praesentes
1374 1121 1480 1186 literne

435 1204 575 1256 smoum’.
630 1233 634 1242 '
702 1222 923 1308 pervenerint,
953 1221 1101 1289 salutem.
1148 1221 1250 1300 Licet,
1276 1222 1317 1288 de
1346 1221 1480 1290 consilio

433 1325 528 1413 regni
549 1323 689 1411 Angue,
712 1327 878 1388 statutum
901 1323 954 1399 sit,
976 1322 1065 1408 quod
1086 1343 1155 1388 non
1177 1324 1276 1390 liceat
1297 1322 1377 1388 viris
1406 1323 1480 1388 reli-

433 1427 541 1514 giosis,
564 1446 623 1505 seu
652 1424 736 1504 eliis,
759 1423 889 1510 ingredi
918 1423 1052 1489 feodum
1080 1422 1229 1510 alicujus,
1251 1425 1301 1490 its.
1321 1424 1409 1509 quod
1438 1425 1481 1492 ed

433 1547 569 1594 menum
594 1530 759 1592 mortuam
781 1523 946 1602 deveniet,
967 1525 1040 1590 sine
1069 1524 1204 1592 licentis
1224 1525 1316 1612 regis
1337 1531 1372 1590 et
1394 1524 1481 1611 ecpi-

433 1629 512 1694 tniis
545 1627 671 1693 domini
701 1625 743 1692 de
775 1646 841 1711 quo
863 1646 915 1690 ree
948 1625 1009 1690 illc
1030 1625 1220 1692 immediate
1243 1629 1399 1704 tenetur3
1423 1647 1481 1710 per

433 1728 533 1794 finem
555 1733 675 1806 temen,
699 1746 798 1811 quem
813 1725 952 1790 dilectus
966 1726 1062 1791 nobis
1077 1727 1114 1789 in
1129 1726 1271 1804 Christo,
1288 1725 1481 1792 lambertus

433 1832 475 1896 de
497 1828 726 1915 Tnkinghsm,
749 1826 906 1913 magister
928 1827 1113 1912 Hospitalis
1135 1828 1176 1892 de
1199 1827 1379 1907 Shirburn',
1402 1828 1483 1894 fecit

432 1931 610 2006 nobiscum,
632 1927 848 1995 concessimus
878 1930 913 1992 et
934 1926 1110 2006 licentiam
1125 1928 1284 2010 dedimus,
1300 1950 1365 2014 -pro
1387 1929 1481 1994 nobie

432 2036 468 2096 et
489 2018 727 2096 successoribus
741 2027 862 2093 noctiis
877 2031 1041 2114 quantum
1055 2030 1093 2093 in
1107 2028 1204 2096 nobis
1226 2035 1285 2108 est,
1306 2028 1429 2095 Jscobo
1451 2030 1481 2095 le

433 2130 559 2217 Spycer
580 2130 623 2195 de
644 2128 819 2207 Dunolmo,
842 2129 929 2213 quod
951 2129 1021 2214 ipse
1043 2129 1166 2216 viginti
1188 2135 1313 2217 septem
1335 2151 1426 2197 acres
1447 2134 1482 2194 et

433 2253 536 2296 unsm
557 2230 673 2296 rodem
694 2235 799 2306 terres,
815 2229 968 2314 jacentes
990 2229 1028 2294 in
1050 2230 1248 2316 Holleyside
1264 2231 1367 2316 juxte
1396 2229 1479 2296 Net-

433 2329 608 2408 telworth',
631 2329 710 2396 dere
739 2328 852 2416 possit,
875 2335 910 2420 et
932 2331 1108 2416 essignsre,
1132 2332 1272 2417 prsefeto
1303 2332 1479 2397 humberto

433 2433 475 2498 de
497 2431 727 2518 Trikinghnm,
742 2430 901 2517 magistro
916 2431 1091 2517 hospitsiis
1104 2432 1275 2517 praedicti;
1294 2431 1479 2498 habendum

433 2538 469 2598 et
489 2531 670 2598 tenendum
694 2529 802 2596 eidem
825 2531 1000 2596 Lemberto
1026 2536 1060 2597 et
1082 2532 1319 2598 successoribus
1347 2534 1416 2598 suis
1443 2533 1480 2598 in

432 2635 649 2718 perpetuum
664 2636 700 2696 et
714 2631 821 2696 eidem
836 2632 1023 2710 isemberto,
1038 2633 1198 2719 magistro
1211 2633 1385 2720 hospitalis
1399 2655 1479 2720 prae·

433 2731 521 2810 dicti,
537 2730 626 2817 quod
648 2730 719 2816 ipse
741 2731 916 2816 pxsedictes
932 2733 1055 2818 viginti
1077 2739 1203 2820 septem
1224 2737 1315 2800 sores
1330 2739 1365 2800 et
1378 2755 1478 2800 nnsm

433 2831 547 2898 rodem
568 2853 591 2896 s
612 2831 752 2917 praefeto
774 2831 900 2900 Jecobo
930 2834 1072 2920 recipere
1094 2836 1207 2921 possit,
1230 2841 1266 2901 et
1280 2839 1400 2915 tenere,
1416 2835 1479 2902 sibi
1542 2831 1545 2835 ’

433 2937 468 2998 et
483 2930 720 2998 mccessoribus
739 2931 806 2998 suis
829 2933 866 2998 in
880 2939 1085 3021 perpetuum,
1100 2936 1187 3008 sicut
1208 2936 1405 3023 praedictum
1419 2941 1476 3016 est,

433 3037 548 3098 tenore
577 3033 791 3119 praesentium
828 3034 982 3101 similiter
1018 3035 1185 3127 licentiam
1224 3038 1373 3104 dedimus
1408 3059 1476 3125 spe·

434 3134 572 3200 eisdem:
593 3133 743 3200 nolentes
775 3135 864 3221 quod
894 3136 1072 3221 praedictus
1093 3139 1245 3218 Jscobus,
1259 3139 1315 3204 vel
1335 3139 1475 3206 haeredes

434 3235 496 3315 sui,
519 3255 578 3299 seu
610 3235 768 3320 praefatus
792 3235 987 3322 Lembcltus
1008 3239 1051 3303 de
1080 3238 1299 3326 Trikinghem
1324 3239 1476 3326 magister

434 3333 605 3422 hospitatis
627 3335 787 3421 praedicti,
808 3341 871 3402 eut
901 3357 1097 3406 mcceesores
1119 3341 1180 3418 sui,
1201 3341 1329 3407 ratione
1351 3341 1477 3407 statuti

434 3435 591 3521 predicti,
625 3457 684 3522 per
714 3457 775 3501 nos
818 3443 853 3503 et
887 3459 1086 3506 successores
1118 3445 1246 3508 nostres
1278 3442 1357 3508 inde
1389 3463 1475 3509 ocoe-

435 3534 607 3602 sionentur
629 3536 666 3599 in
688 3535 809 3623 aliquo,
831 3559 891 3604 seu
919 3546 1109 3626 graventur.
1164 3541 1274 3608 Salvis
1295 3549 1408 3609 tamen
1427 3563 1475 3610 cs

435 3629 595 3722 pitniibus
620 3636 763 3703 dominis
785 3639 873 3704 feodi
894 3640 993 3721 illius,
1023 3641 1167 3716 servitiis
1195 3643 1275 3710 inde
1296 3643 1416 3710 debitis
1442 3648 1475 3709 et

436 3736 607 3804 consuetis
652 3737 695 3802 In
716 3739 810 3824 cujus
831 3741 881 3807 rei
901 3742 1135 3824 testimonium,
1158 3745 1302 3832 sigillum
1330 3751 1474 3812 nostrum

436 3835 653 3922 praesentibus
667 3838 824 3906 duximus
845 3845 1085 3930 apponendum.
1130 3846 1257 3912 Datum
1277 3847 1366 3934 apud
1381 3845 1474 3914 Stek-

438 3939 519 4016 ton’,
540 3943 659 4005 octavo
681 3940 735 4006 die
772 3945 893 4011 mensis
917 3947 1078 4031 Octobris,
1114 3968 1202 4014 enno
1224 3947 1361 4014 Domini
1392 3965 1473 4016 noco.

438 4039 690 4125 quintodecimo,
714 4050 749 4110 et
769 4047 1020 4114 consecrationis
1041 4053 1162 4116 nostrae
1184 4050 1309 4136 quinto.

222 4331 229 4344 .
272 4247 403 4350 m?
439 4287 626 4354 comprimis
645 4298 670 4341 et
752 4244 876 4311 Christi
913 4249 1065 4314 fidelibus
1101 4253 1273 4330 universis,
1305 4259 1475 4340 praesentne

272 4352 404 4446 goffia
438 4363 577 4431 conventus
597 4359 669 4408 Dun-
703 4345 815 4410 literus
846 4349 1049 4434 inspecturis,
1079 4351 1248 4431 Ricardus
1270 4355 1475 4447 permissione

438 4419 592 4472 dmum·
703 4447 825 4526 cim,
859 4449 1093 4518 summensis
1124 4454 1299 4542 episcopus,
1331 4456 1473 4522 sunem.
