3562 5710
498 839 700 890 nucrsrrrun
722 838 925 889 rxmrruun
948 837 1189 888 uuunruurvsu.
1284 821 1370 890 1037

151 1035 308 1089 seuerus
320 1027 455 1092 fecimus
477 1027 683 1104 summoneri,
700 1047 741 1091 ex
763 1025 868 1090 causis
882 1025 1065 1111 praemissis,
1079 1025 1199 1088 habere
1220 1022 1374 1088 volumus
1401 1039 1523 1085 nurus.

320 1134 518 1194 excusatum.
565 1129 603 1192 In
639 1127 796 1213 proedicto
819 1127 918 1192 etiam
941 1127 1159 1212 parliamento
1188 1130 1309 1202 nostro,
1333 1125 1373 1189 de

320 1230 454 1296 oonsilio
492 1230 703 1316 praelatorum
737 1235 772 1294 et
806 1249 976 1314 procerum
999 1229 1092 1316 regni
1129 1227 1242 1305 nostri,
1276 1249 1373 1313 super

320 1333 460 1420 negotiis
499 1331 667 1419 praedictis
703 1352 771 1397 non
809 1331 1012 1396 tardabimus
1049 1330 1162 1396 taliter
1213 1330 1373 1408 ordinere,

321 1434 409 1520 quod
439 1434 604 1499 nustriae
634 1433 745 1510 vestri,
769 1437 804 1497 et
835 1431 974 1496 oliorum
996 1434 1144 1499 fidelium
1177 1443 1372 1511 nostrorum,

319 1523 456 1600 honores
490 1539 524 1600 et
551 1533 728 1613 commode,
752 1538 787 1598 et
820 1533 1044 1618 tranquillitas
1068 1542 1102 1600 et
1134 1539 1226 1623 quies
1257 1536 1370 1623 populi

319 1636 430 1713 nostri,
446 1636 523 1701 inde
538 1635 741 1721 provenient,
765 1635 836 1700 Deo
858 1634 967 1701 dante.
1014 1636 1112 1736 Teste
1135 1641 1267 1727 meipso
1282 1638 1371 1725 apud

319 1738 469 1826 Longele,
493 1735 565 1822 iiij0.
589 1737 643 1801 die
665 1735 826 1817 Jonuarii,
850 1757 937 1830 enno
959 1738 1051 1824 regni
1074 1742 1179 1806 nostri
1203 1747 1326 1807 octavo.

320 1939 405 1990 Breve
421 1942 453 1990 ad
470 1955 569 2004 requer-
647 1940 838 2018 Edvverdus,
878 1940 940 2004 Dei
977 1942 1095 2027 gretia,
1133 1964 1193 2007 rex
1230 1942 1517 2028 Angliaemprrnrs

199 2061 203 2068 -
320 2009 569 2136 ggffifflgssssj
602 2040 755 2106 donnaus
790 2040 971 2120 Hiberniae,
1004 2048 1039 2106 ee
1069 2042 1139 2106 eux
1168 2044 1371 2129 Aquitaniae,
1384 2017 1513 2123 uren

320 2139 526 2189 ³0¹¹aed⁰l¹¹0¹d’·
602 2142 782 2210 venerabili
812 2142 847 2206 in
871 2140 1003 2208 Christo
1026 2145 1121 2229 petri,
1146 2144 1297 2224 Ricardo,
1320 2089 1531 2265 θωῗέιῗὲιῗξῗῶ

321 2243 396 2308 dem
442 2243 559 2330 gretie,
597 2243 820 2308 Dunolmensi
868 2244 1027 2330 episcopo,
1066 2245 1216 2312 salutem.
1286 2247 1372 2328 Quia
1404 2223 1452 2266 (Μ’

322 2344 494 2424 Robertus,
517 2365 623 2429 nuper
651 2365 790 2429 persone
819 2345 962 2411 ecclesiae
985 2345 1026 2410 de
1051 2347 1156 2425 Ford’,
1180 2349 1216 2412 in
1239 2349 1372 2414 dioecesi

322 2451 440 2523 vestro,
464 2448 521 2532 qui
545 2448 632 2513 diem
655 2469 749 2512 suum
769 2447 840 2532 jem
864 2447 985 2522 clausit
1007 2453 1200 2528 extremum,
1224 2456 1263 2516 ut
1285 2473 1372 2517 occe-

322 2549 439 2634 pimus,
454 2549 634 2614 tenebatur
649 2549 756 2623 uobis,
772 2549 826 2614 die
849 2571 914 2634 quo
929 2549 1023 2630 obiit,
1038 2551 1075 2614 in
1091 2550 1230 2617 diversis
1252 2552 1372 2618 debitis

322 2656 356 2715 et
386 2652 420 2715 in
454 2651 615 2738 compotis
652 2650 835 2728 reddendis,
859 2657 928 2716 tem
958 2651 1000 2716 de
1030 2656 1176 2740 tempore
1209 2677 1274 2741 quo
1304 2655 1371 2719 fuit

321 2753 596 2818 contrarotuletor·
620 2758 732 2818 noster
755 2751 951 2818 Camerariee
974 2760 1097 2820 nostroe
1121 2755 1248 2836 Scotiee,
1272 2777 1371 2841 quem

320 2859 428 2920 custos
451 2860 611 2921 custumae
633 2859 756 2920 nostree
778 2855 814 2918 in
830 2860 930 2941 portu
950 2855 1139 2942 Berewyoi3
1161 2858 1256 2924 vobis
1278 2880 1371 2922 man-

322 2956 445 3034 demus,
461 2957 548 3022 sicut
569 2957 659 3037 aliae,
674 2955 762 3041 quod
785 2956 855 3021 sine
874 2956 1033 3023 dilatione
1056 2961 1252 3045 sequestrari
1274 2960 1372 3025 fecie·

321 3059 365 3124 tis
386 3059 498 3124 omnio
519 3058 607 3123 boue
629 3058 848 3124 ecclesiastica
870 3079 944 3143 quse
968 3060 1077 3126 dictus
1107 3062 1282 3127 defunctus
1312 3063 1370 3127 he-

321 3161 396 3226 buit
418 3161 471 3226 die
494 3160 658 3246 praedicte,
673 3161 716 3226 ed
738 3181 1007 3247 quorumcunque
1030 3184 1147 3228 manus
1168 3163 1370 3242 devenerint,

322 3263 357 3327 in
380 3263 515 3328 dioecesi
538 3266 651 3327 vestre
673 3261 838 3346 proedicto,
864 3267 898 3327 et
920 3264 1033 3328 eedem
1064 3263 1160 3345 boue,
1184 3287 1242 3351 per
1265 3287 1370 3331 seom-

322 3371 470 3430 meutum
495 3364 670 3452 proborum
701 3370 735 3429 et
756 3364 912 3449 legalium
945 3365 1117 3431 hominum
1148 3367 1292 3432 fideliter
1313 3390 1371 3455 ep-

321 3468 470 3554 pretiote,
489 3467 591 3552 juxte
613 3488 730 3532 verum
745 3467 891 3532 valorem
915 3468 1113 3547 eorundem3
1137 3470 1369 3534 executoribus

322 3569 512 3635 testamenti
549 3567 700 3654 praedicti
734 3567 892 3646 defuncti,
915 3575 975 3632 out
1008 3569 1079 3653 ejus
1117 3569 1308 3648 haeredibus,
1342 3573 1370 3635 si

322 3672 392 3758 ipse
421 3675 627 3736 executorem
662 3690 730 3734 non
760 3669 888 3749 habeat,
919 3691 978 3755 per
1006 3669 1222 3735 sufficientem
1256 3693 1371 3738 menu-

322 3774 515 3860 ceptionem,
529 3772 624 3838 vobis
639 3771 878 3851 inveniendam,
893 3771 1021 3836 essendi
1040 3793 1148 3839 coram
1164 3773 1371 3841 thesaurario

322 3881 358 3941 et
372 3875 550 3939 baronibus
565 3873 605 3937 de
621 3872 788 3939 Scecoario
803 3877 915 3938 nostro
929 3873 1019 3959 apud
1033 3874 1369 3956 westmonasterium,
1430 3915 1434 3924 ·

322 3999 343 4042 a
365 3977 419 4044 die
442 3975 557 4042 Sancti
582 3975 717 4041 Hillorii
733 3975 771 4038 in
795 3997 849 4041 xv.
873 3975 951 4054 dies,
976 3976 1018 4040 od
1040 3977 1244 4043 reddendum
1275 3980 1370 4044 nobis

323 4083 488 4164 compotos
511 4077 692 4165 praedictos,
715 4078 813 4143 etad
837 4077 1104 4143 satisfaciendum
1130 4079 1224 4145 nobis
1246 4080 1368 4146 ibidem

322 4182 363 4248 de
378 4203 416 4247 eo
431 4181 518 4266 quod
534 4180 629 4246 nobis
647 4179 759 4246 deberi
779 4180 959 4265 continget,
974 4201 1032 4265 per
1046 4180 1263 4246 redditionem
1282 4204 1370 4248 com-

323 4289 475 4370 potorum
491 4282 675 4358 eorundem,
685 4287 848 4366 quotenus
862 4281 950 4346 bona
965 4286 999 4346 et
1014 4281 1133 4347 catella
1147 4305 1221 4368 queo
1235 4284 1371 4350 fuerunt

323 4385 472 4472 praedicti
488 4384 643 4464 defuncti,
660 4405 735 4469 quae
749 4384 792 4448 od
808 4405 924 4448 monus
946 4383 1135 4468 hujusmodi
1159 4392 1370 4452 executorum

323 4490 376 4556 vel
408 4487 574 4555 haeredum
604 4486 651 4552 sic
673 4485 873 4562 devenerint,
895 4485 1004 4550 volere
1033 4486 1211 4572 continget,
1234 4509 1292 4573 per
1320 4489 1372 4552 in-

323 4591 506 4668 denturam,
531 4589 701 4654 intervos
732 4593 766 4652 et
800 4587 889 4672 ipsos
918 4587 995 4651 indo
1017 4586 1207 4667 faciendam,
1243 4589 1372 4656 facietis

322 4693 474 4772 libereri3
498 4695 532 4757 et
549 4689 577 4754 si
599 4687 746 4756 fortassis
761 4695 951 4754 executores
973 4696 1032 4755 eut
1056 4689 1200 4755 heoredes
1221 4691 1372 4777 praedieti
