3570 5718
518 811 719 865 armannum
742 811 942 866 ramentum
964 813 1208 868 numennumen
1322 800 1386 866 941

171 993 490 1076 marmaNorbon’,
512 996 709 1064 vicariorum
732 997 773 1064 de
803 998 999 1086 Langcesbr',
1023 1003 1057 1065 et
1080 999 1239 1080 Norbam,
1261 1009 1295 1068 et
1317 1021 1391 1088 por-
1421 1010 1479 1056 w·
1488 1012 1547 1054 1³1&

340 1097 432 1164 bione
454 1098 611 1165 Willelmi
643 1101 685 1166 de
717 1099 902 1187 Brumpbon
931 1101 969 1165 in
991 1101 1127 1168 ecclesia
1154 1102 1267 1182 Oesbr’,
1291 1107 1391 1191 proub

339 1199 436 1265 nobis
473 1205 602 1266 constat
638 1222 696 1288 per
732 1205 901 1268 rotomum
932 1207 1089 1282 vestrum,
1112 1225 1134 1268 s
1167 1203 1222 1269 die
1257 1203 1392 1270 Paschae

339 1302 491 1387 proximo
513 1302 680 1388 praeteribo
710 1303 748 1367 in
770 1302 958 1388 quindecim
985 1304 1055 1370 dies
1077 1309 1112 1371 eb
1136 1305 1224 1370 unde
1248 1305 1402 1371 solvistis

339 1403 434 1468 nobis
450 1402 494 1468 ad
509 1403 714 1470 scaccarium
736 1409 896 1482 nostrum,
912 1427 972 1490 per
986 1406 1181 1491 magstrum
1203 1406 1227 1471 J
1229 1407 1393 1474 chounem

340 1505 380 1569 de
410 1505 594 1590 Snaynbon,
617 1506 769 1572 clericum
792 1510 948 1584 vestrum,
970 1507 1013 1591 vj.
1024 1507 1060 1573 li.
1082 1507 1140 1592 xij.
1150 1529 1177 1572 a.
1199 1507 1233 1593 ij.
1243 1507 1298 1588 d.;
1330 1509 1393 1574 sol-

339 1605 428 1670 vabis
451 1605 591 1673 Ricardo
614 1607 656 1672 de
685 1605 907 1693 Brihgbewell'
936 1611 1070 1673 cantum
1099 1614 1263 1694 quantum
1286 1610 1393 1675 conbi-

339 1711 438 1773 nebur
459 1709 496 1773 in
527 1730 595 1774 una
625 1709 719 1774 bailia
750 1709 791 1773 de
826 1708 992 1775 Scaccaric
1023 1714 1146 1790 nostro,
1169 1733 1269 1796 quam
1302 1711 1390 1776 idem

340 1807 498 1874 Ricardus
520 1831 620 1896 penes
650 1831 685 1876 se
713 1811 823 1888 habeb,
846 1809 940 1875 vobis
970 1832 1045 1876 cum
1079 1811 1276 1877 solutionem
1308 1834 1391 1898 prae-

340 1910 462 1974 dicbam
484 1911 635 1989 feceritis,
658 1910 850 1988 liberandc3
882 1917 916 1978 eb
938 1912 1106 1976 residuum
1137 1914 1285 1998 pecuniae
1307 1935 1391 1999 prae·
1465 1979 1469 1986 ,

340 2011 438 2078 dicbae
460 2011 606 2078 mibiabis
628 2013 671 2077 ad
701 2012 907 2079 Scaccamum
936 2018 1096 2090 nostrum,
1111 2013 1201 2099 apud
1223 2013 1387 2080 Wesbmc-

340 2214 419 2293 dies,
449 2214 546 2279 nobis
568 2214 784 2296 solvendum
810 2213 904 2279 nullo
926 2215 1041 2280 habito
1064 2219 1213 2300 respectu
1244 2216 1287 2280 ad
1320 2215 1391 2294 boc,

341 2315 429 2400 quod
455 2316 556 2380 breve
589 2320 747 2393 nostrum,
770 2315 852 2381 alias
873 2315 968 2382 vobis
989 2338 1049 2402 pro
1078 2315 1151 2402 ipsc
1175 2315 1315 2382 Ricardo
1338 2317 1388 2381 di-

340 2421 476 2493 rectum,
498 2416 700 2482 mentionem
728 2415 871 2483 faciebat
892 2418 934 2482 dc
964 2417 1138 2501 sexaginta
1169 2416 1238 2500 xiij.
1251 2415 1287 2482 li.
1310 2417 1391 2502 iij.s.

341 2517 385 2604 vj.
395 2516 428 2584 d.
451 2517 556 2582 eidem
587 2517 728 2584 Ricardo
752 2517 941 2595 liberandis,
968 2518 1006 2581 in
1032 2517 1290 2584 satisfactionem
1313 2539 1392 2605 quo·

341 2618 482 2684 rundam
504 2619 692 2684 debitorum
713 2618 885 2704 inquibus
908 2617 1013 2684 eidem
1032 2618 1173 2684 Ricardo
1187 2620 1388 2686 tenebamur.

342 2719 551 2798 seruerim,
573 2726 643 2784 bam
675 2720 716 2785 de
747 2720 814 2784 illis
850 2720 946 2785 bonis
983 2719 1211 2786 ecclesiacticis
1240 2742 1387 2808 personae

342 2821 486 2888 ecclesiae
507 2823 548 2887 de
571 2820 716 2908 Sbanop',
731 2822 775 2887 ad
797 2821 978 2887 valentiam
999 2822 1044 2888 xl.
1056 2843 1103 2902 e.;
1124 2843 1271 2909 perscnae
1292 2823 1392 2888 eccle-

341 2923 399 2989 siae
421 2923 462 2988 de
486 2922 699 3001 Whibebern’,
713 2923 757 2988 ad
782 2922 964 2990 valentiam
985 2923 1103 3010 xxxiij.
1116 2946 1139 2990 a
1162 2924 1221 3009 iiij.
1234 2923 1288 3005 ὡς
1320 2945 1390 3012 pcr-

342 3045 430 3091 scnoe
453 3025 595 3092 ecclesiae
621 3024 663 3089 dc
689 3024 891 3110 chghbon’,
907 3024 951 3089 ed
978 3024 1158 3090 valentiam
1184 3047 1241 3090 xx.
1268 3046 1392 3090 marca·

342 3147 415 3191 rum
428 3150 437 3206 ;
451 3147 597 3213 personae
613 3125 654 3191 de
664 3124 844 3212 Seggefeld,
854 3125 898 3191 ad
912 3126 1092 3191 valentiam
1108 3126 1151 3192 xi
1162 3147 1185 3193 a
1197 3151 1206 3205 3
1228 3126 1390 3213 portionis

343 3227 477 3292 Radulfi
498 3227 540 3292 de
563 3219 687 3312 Besage
708 3225 745 3291 in
775 3225 908 3292 ecclesie
930 3227 970 3292 de
994 3226 1190 3314 Langcesbr',
1213 3227 1256 3292 ad
1279 3228 1391 3292 velen·

342 3329 426 3394 biam
457 3329 512 3396 Le.
524 3353 532 3409 ;
558 3328 719 3416 portionis
741 3350 816 3415 quae
840 3329 907 3394 fuit
928 3328 1063 3396 Thcmae
1085 3329 1127 3394 de
1150 3327 1331 3394 Levesham
1353 3329 1391 3392 in

343 3429 478 3496 ecclesia
509 3431 621 3508 Oesbr,
652 3429 695 3494 ad
726 3430 906 3496 valentiam
937 3431 1014 3510 [Μ
1048 3429 1208 3516 portionis
1230 3451 1305 3513 quae
1326 3429 1392 3492 fuir

342 3530 506 3597 «Iohannis
535 3532 576 3598 de
603 3531 809 3619 Metinghcm
839 3531 876 3595 in
898 3531 1032 3597 ecclesia
1054 3532 1094 3594 de
1119 3529 1325 3615 Derlingbon,
1348 3529 1392 3593 ad

342 3633 522 3698 valentiam
545 3633 591 3698 xl.
602 3655 647 3714 a;
669 3632 831 3719 portionis
846 3653 920 3718 quae
943 3630 1009 3696 fuir
1031 3630 1208 3716 Reginaldi
1223 3630 1264 3696 de
1287 3630 1392 3694 Bren-

343 3733 417 3798 don'
451 3734 488 3798 in
521 3734 655 3800 ecclesia
684 3735 726 3800 de
764 3733 960 3820 Lcngcesbr',
983 3731 1026 3798 ad
1059 3731 1239 3798 valentiam
1272 3753 1328 3796 xx.
1342 3753 1389 3809 3.;

200 3877 206 3887 ·
343 3835 504 3920 portionis
526 3857 600 3922 quae
629 3835 696 3901 fuir
718 3835 877 3901 Willelmi
909 3835 950 3902 de
982 3834 1177 3921 Brumpbon'
1199 3835 1236 3898 in
1258 3834 1392 3900 ecclesia

345 3936 457 4014 beser,
479 3937 522 4002 ad
544 3937 725 4002 valentiam
747 3960 859 4018 anam
882 3958 957 4023 quae
978 3958 1092 4022 nuper,
1123 3936 1166 4000 ad
1196 3936 1390 4000 mendcium

342 4043 500 4118 nostrum,
524 4039 760 4126 sequestrasbis,
782 4044 882 4126 prout
914 4037 1009 4103 nobis
1039 4040 1170 4103 consteb
1199 4057 1258 4122 per
1286 4041 1393 4101 rebur-

342 4163 424 4206 num
445 4146 593 4208 vesbrum
616 4141 659 4206 ad
675 4141 763 4206 diem
778 4141 993 4226 praedicbum3
1012 4160 1111 4226 quam
1135 4138 1176 4203 de
1198 4138 1273 4202 abiis
1294 4137 1392 4202 bonis

343 4249 379 4308 eb
400 4243 567 4310 beneficiis
589 4242 813 4310 ecclesiasticis
842 4241 1021 4308 eorundem
1051 4239 1241 4306 clericorum
1262 4240 1300 4303 in
1322 4239 1393 4324 epi·

343 4350 480 4431 scopein
510 4349 620 4411 vestro
658 4343 825 4431 praedicto,
855 4343 928 4407 fieri
964 4341 1092 4406 faciatis
1130 4341 1241 4406 omnia
1278 4341 1393 4406 debita

341 4447 547 4534 subscripba3
570 4445 733 4524 videlicet,
764 4445 805 4510 de
827 4467 966 4532 persona
996 4442 1138 4510 ecclesiae
1171 4444 1212 4508 de
1247 4443 1392 4530 Sinnop',

341 4548 387 4634 xj.
398 4548 434 4616 li.
457 4549 500 4635 vj.
510 4570 536 4615 c.
560 4548 628 4635 viij.
641 4545 693 4628 ὡς
725 4547 766 4614 de
788 4568 925 4636 persona
951 4545 1093 4612 ecclesiae
1115 4546 1156 4611 de
1180 4544 1393 4622 Wbibebern’,

341 4671 374 4719 x.
398 4671 545 4734 marcas3
566 4651 608 4717 de
629 4670 767 4738 persona
789 4647 932 4718 ecclesiae
954 4647 996 4714 de
1018 4647 1218 4735 Hongbbon',
1234 4646 1317 4733 xliij.
1331 4645 1367 4714 li.
1384 4671 1392 4729 3
1416 4679 1417 4682 ¹
