3562 5710
515 823 715 936 nnomrncu
738 799 939 874 rnmrmuu
960 811 1393 877 consumarem-1065

172 1035 575 1154 mrpmaffiffiffi
620 1011 839 1192 ammai
865 1011 927 1178 Βὲι
960 1013 1082 1178 gratia,
1105 1034 1124 1079 e
1125 1017 1175 1179 ιζ,
1198 1009 1506 1179 “affabilium
1420 1025 1477 1070 Anu
1487 1029 1546 1073 ms

602 1137 619 1180 e
732 1136 755 1179 u
790 1135 823 1178 m
915 1135 959 1178 an
982 1135 1133 1179 amusvo
1157 1137 1194 1194 rs,
1211 1135 1280 1178 srcu
1354 1134 1377 1177 u
1403 1090 1506 1184 „dell”

339 1214 404 1280 ries
427 1215 521 1280 vobis
550 1216 817 1280 mandaverimus
840 1215 929 1300 quod
950 1216 991 1281 de
1014 1216 1129 1301 primis
1158 1214 1302 1281 denariis
1320 1135 1490 1300 pperiil⁰n
1450 1191 1531 1283 ,att
1608 1205 1611 1212 ’

339 1337 399 1382 vos
432 1317 582 1383 levandis
619 1318 661 1382 de
695 1317 868 1403 arreragiis
900 1316 1038 1382 subsidii
1073 1318 1261 1383 medietatis
1293 1316 1388 1382 clarae
1401 1290 1506 1384 iiiiiion
1475 1289 1535 1334 Μ

340 1419 504 1484 memorius
542 1419 675 1484 domino
709 1418 881 1500 Eduardo,
935 1419 1101 1504 quondam
1133 1419 1213 1534 'regi
1248 1419 1389 1506 Angliae,

338 1520 425 1606 patri
458 1525 580 1598 nostro,
610 1542 632 1586 a
665 1520 751 1586 clero
786 1520 913 1585 dudum
942 1540 1101 1586 concessae
1130 1519 1167 1583 in
1199 1520 1390 1606 episcopatu

338 1627 448 1687 vestro
482 1621 646 1707 praedicto,
677 1621 798 1686 habere
829 1620 959 1687 facietis
996 1621 1169 1687 Fratribus
1205 1621 1390 1688 Minoribus

340 1722 582 1789 oxoniensibus
605 1723 718 1790 decem
741 1744 876 1800 marces,
899 1724 940 1788 de
970 1724 1176 1808 eleemosyna
1206 1728 1320 1788 nostra
1342 1725 1389 1789 eis

338 1825 539 1904 constituta;
561 1823 754 1910 recipientes
778 1825 821 1889 ab
843 1824 974 1902 eisdem,
999 1823 1053 1890 vel
1074 1827 1245 1890 ottomato
1271 1845 1331 1891 suo
1353 1827 1391 1890 in

338 1926 400 1992 hac
421 1931 525 2012 parte,
547 1926 675 1991 tulliam
706 1926 748 1990 de
779 1924 947 1992 Scaccurio
970 1932 1093 2004 nostro,
1116 1927 1249 1992 nomine
1279 1931 1390 1992 vestro

338 2029 490 2108 levatam,
507 2050 566 2114 pro
580 2028 808 2114 acquietauoia
823 2031 875 2092 tot
890 2026 1100 2093 denariorum
1123 2049 1285 2093 summam
1308 2049 1391 2114 prae-

339 2130 461 2197 dictam
483 2130 728 2196 continentem:
753 2130 895 2194 scientes
918 2128 1006 2214 quod
1040 2128 1082 2193 de
1113 2150 1151 2194 eo
1186 2129 1274 2214 quod
1296 2151 1390 2196 man-

339 2231 426 2296 detis
459 2231 590 2308 nostris,
613 2229 734 2317 plmies
766 2229 861 2295 vobis
894 2230 973 2294 inde
1006 2228 1147 2307 directis,
1179 2251 1293 2315 parere
1324 2252 1391 2298 non

339 2317 486 2409 curastis,
517 2329 694 2418 plurimum
728 2331 940 2408 admiramur,
972 2331 1184 2396 attendentes
1223 2354 1282 2418 pro
1314 2355 1391 2398 eon-

340 2432 454 2510 stanti,
476 2433 573 2518 quod,
598 2432 664 2498 nisi
686 2453 830 2518 praesens
859 2432 1054 2498 mandatum
1085 2438 1236 2498 nostrum
1258 2435 1390 2500 executi

340 2533 469 2599 fueritis
499 2554 575 2600 cum
605 2533 732 2612 effectu,
754 2554 814 2599 nos
840 2533 951 2598 decem
983 2555 1110 2600 marcas
1143 2533 1319 2620 praedietes
1349 2536 1390 2600 de

339 2623 477 2700 baronia
498 2641 609 2700 vestra
623 2634 735 2716 levari,
751 2639 787 2699 et
809 2634 930 2698 eisdem
947 2633 1120 2700 Fratribus
1143 2635 1283 2701 indilata
1297 2637 1391 2715 solvi,

340 2737 503 2803 faciemus.
549 2737 654 2818 Teste,
686 2735 729 2801 H.
760 2735 802 2800 de
832 2736 995 2814 Stanton',
1019 2737 1114 2822 apud
1131 2735 1390 2804 westmonaste-

340 2839 435 2915 rium,
458 2837 558 2904 tertio
582 2837 635 2902 die
660 2836 844 2914 Februarii,
866 2857 954 2902 anno
976 2835 1070 2924 regni
1093 2838 1200 2904 nostri
1223 2843 1347 2906 oetcvo.

341 3045 440 3098 ¹Breve
456 3046 566 3112 previa
645 3046 838 3124 Edwardus,
883 3046 946 3112 Dei
983 3048 1100 3134 gretia,
1144 3069 1204 3114 rex
1248 3050 1388 3136 Angliae,
1402 3067 1534 3122 unriur-

341 3112 566 3164 tualibusuonde-
1400 3119 1543 3163 mmm

341 3177 449 3229 faeno
485 3178 566 3230 Sectis
599 3147 751 3214 dominus
789 3147 969 3224 Hiberniae,
1007 3154 1042 3214 et
1078 3149 1149 3214 dux
1185 3151 1385 3236 Aquitaniae,
1400 3167 1515 3213 ιδοδιιδο
1501 3181 1537 3220 οδ,

340 3245 486 3310 exnnglia
599 3250 821 3315 venerabili
812 3271 849 3313 ιιι
873 3249 1006 3316 Christo
1035 3251 1132 3336 patri,
1163 3251 1312 3330 Ricardo,
1334 3275 1388 3318 ea»
1399 3218 1543 3313 calificati?

341 3349 415 3416 dem
437 3352 554 3437 gratia,
578 3350 795 3416 Dunolmensi
816 3351 1014 3436 episcopos
999 3351 1146 3416 s.alutem
1193 3352 1389 3418 Mandomus
1400 3318 1559 3464 bannili?

341 3451 443 3530 vobis,
475 3453 562 3517 sicut
592 3451 673 3517 alias
695 3451 970 3532 mandaverimus,
993 3450 1135 3516 firmiter
1166 3419 1443 3540 injungentes,¹²⁰

341 3552 437 3638 quod,
460 3553 573 3618 stetim
604 3552 685 3617 visis
716 3551 942 3638 praesentibus,
966 3552 1119 3618 omnibus
1151 3553 1225 3619 eliis
1255 3561 1390 3641 praeter-

341 3653 457 3734 missis,
472 3655 509 3718 in
531 3654 733 3732 civitatibus,
748 3653 870 3740 burgis,
886 3653 985 3734 villis,
1009 3654 1218 3735 mereatoriis,
1240 3658 1390 3742 portibus

342 3756 450 3832 maris,
465 3762 500 3821 et
521 3755 600 3820 loeis
622 3754 705 3832 aliis,
727 3755 815 3820 infra
836 3755 1026 3820 libertatem
1047 3761 1201 3836 vestram,
1217 3759 1276 3824 ubi
1296 3759 1389 3826 vide-

341 3855 417 3922 ritis
447 3856 608 3942 expedire,
624 3851 767 3943 'publice
800 3857 1002 3942 proclamari,
1026 3862 1062 3923 et
1091 3880 1134 3924 ex
1155 3865 1250 3947 parte
1276 3867 1391 3928 nostra

341 3959 482 4024 firmiter
502 3958 631 4025 faciatis
653 3957 806 4036 inhiberi,
827 3979 869 4023 ne
892 3960 966 4044 quis
989 3966 1158 4043 mercator,
1182 3961 1389 4042 marinarios,

342 4082 399 4126 seu
423 4059 507 4125 alius
530 4061 722 4145 quicunque,
744 4059 903 4146 indigena
918 4060 972 4125 vel
994 4060 1188 4148 alienigena,
1213 4064 1275 4129 sub
1296 4065 1390 4132 foris-

343 4163 471 4230 factura
502 4160 673 4227 omnium²
694 4182 768 4247 quae
798 4160 892 4226 nobis
921 4160 1107 4228 forisfacere
1129 4165 1258 4249 poterit,
1282 4166 1389 4247 blada,

342 4285 463 4344 earnes,
485 4264 574 4341 vina,
596 4283 655 4328 seu
684 4263 795 4348 aliqua
823 4283 944 4349 genera
971 4263 1175 4344 victualium,
1196 4272 1389 4348 armaturas,

376 4519 617 4586 'lnthemargin‚“
627 4517 841 4571 Iatudbrevefuit
890 4521 994 4569 numad
1011 4557 1119 4573 .....
1136 4523 1196 4574 dum
1207 4523 1388 4581 etfaoendum

345 4601 416 4667 [per]
431 4599 577 4664 episcopum
588 4598 691 4649 mimum
710 4632 840 4647 ......
891 4612 939 4649 eon
957 4634 1088 4651 ,,,,,,

341 4679 518 4746 Mar]mednlr’
529 4685 555 4729 et
565 4676 722 4744 wffllelmo]
742 4678 774 4728 de
791 4677 843 4728 De·
925 4675 1069 4745 ’omnim
1082 4679 1187 4732 omniin
1198 4681 1256 4734 Me.
