3506 5702
385 789 451 862 '756
563 799 762 855 nssrsrnun
784 798 985 852 remmus
1008 799 1253 852 nuumumrsa

235 1004 358 1050 mass
386 992 572 1058 Johmnem
605 990 648 1056 aa
679 988 869 1074 wyaans’,
900 987 1104 1073 spamam
1134 937 1278 1054 eeclesia
1318 985 1434 1052 senaa
1448 1001 1608 1054 nasas.

387 1095 530 1160 Andraae
551 1094 594 1158 da
616 1091 737 1157 eodem
785 1090 852 1171 Qui
873 1090 998 1168 dicunt,
1013 1089 1102 1174 quod
1125 1093 1232 1167 vacat,
1251 1093 1286 1154 et
1301 1089 1436 1154 vaeavit

385 1220 407 1262 a
429 1197 529 1262 tertio
550 1195 605 1260 die
633 1193 754 1258 mensis
777 1190 936 1269 Octobris,
958 1190 1077 1254 ultimo
1107 1191 1286 1275 praeterito,
1309 1195 1344 1254 et
1366 1189 1435 1268 hoo,

385 1319 444 1384 per
473 1297 703 1360 admissionem
734 1293 837 1380 ipsius
859 1289 1001 1357 Galiridi
1025 1291 1065 1356 de
1096 1290 1278 1369 Edanham,
1309 1291 1434 1356 dudum

386 1399 521 1464 rectoria
554 1397 710 1482 ejusdem,
733 1395 777 1462 ad
809 1393 967 1459 vicariam
1008 1393 1053 1458 de
1084 1392 1290 1458 Wodahorn'
1337 1393 1432 1472 Item,

387 1503 502 1567 dicunt
539 1499 628 1583 quod
650 1496 794 1583 religiosi
816 1495 891 1573 viri,
913 1495 1002 1581 prior
1024 1499 1060 1559 et
1089 1501 1271 1560 conventus
1294 1496 1435 1561 eoelesiae

388 1601 622 1667 Dunolmensis
656 1602 736 1664 sunt
779 1599 852 1663 veri
897 1597 1031 1684 patroni
1061 1597 1218 1680 ejusdem,
1250 1601 1285 1663 et
1316 1597 1435 1664 ultimo

388 1711 533 1790 tempore
548 1703 646 1788 pacis,
669 1705 912 1786 praesentarunt
933 1699 977 1764 ad
1000 1721 1082 1778 eam,
1106 1703 1141 1764 et
1160 1706 1240 1765 sunt
1261 1701 1298 1764 in
1312 1722 1438 1786 posses·

388 1807 478 1871 sione
517 1802 746 1890 praesentandi,
769 1807 803 1867 et
835 1801 927 1866 valet
958 1801 1132 1865 annuatim
1165 1801 1277 1867 desem
1307 1824 1439 1879 mareas,

387 1931 454 1972 non
469 1913 521 1972 est
536 1905 753 1992 pensionaria,
768 1924 829 1968 neo
845 1903 997 1988 litigiosa
1013 1907 1049 1967 et
1062 1902 1179 1966 dieunt
1201 1909 1439 1989 praesentetum

387 2032 457 2075 esse
491 2008 653 2072 idoneum
700 2005 863 2070 Nesciunt
897 2011 1011 2069 tamen
1041 2005 1078 2067 in
1110 2003 1232 2089 quibus
1267 2005 1440 2070 ordinibus

387 2111 433 2176 ait
465 2110 687 2188 constitutus3
720 2128 788 2172 non
818 2111 869 2172 ast
902 2105 983 2171 alibi
1015 2106 1237 2172 beneficiatus.
1281 2107 1333 2172 Da
1364 2101 1440 2172 aliis

387 2213 534 2279 articulis
556 2209 718 2296 requisiti,
740 2210 875 2296 penitus
905 2208 992 2272 nihil
1030 2209 1149 2276 sciunt.
1194 2209 1237 2273 In
1267 2210 1362 2295 oujus
1391 2211 1439 2275 rei

388 2315 624 2391 testimonium,
645 2311 733 2376 hano
755 2316 953 2396 praesentem
976 2309 1235 2394 inquisitionem,
1252 2311 1315 2376 sub
1331 2312 1439 2400 sigillo

388 2417 485 2482 officii
507 2415 583 2493 mai,
606 2435 674 2477 una
694 2433 771 2477 oum
786 2411 905 2498 sigillis
927 2432 1049 2488 eorum,
1072 2433 1131 2497 per
1146 2433 1228 2497 quos
1249 2412 1439 2497 hujusmodi

387 2518 449 2584 faoi
471 2515 728 2600 inquisitionem,
752 2513 848 2578 vobis
879 2512 1070 2577 transmitto
1093 2515 1328 2599 consignatam.
1374 2516 1441 2580 Da-

388 2626 460 2683 tum
493 2617 582 2702 apud
605 2615 740 2679 Novum
773 2614 935 2692 Castrum,
970 2615 1015 2699 vj.
1039 2613 1083 2679 iu
1117 2615 1325 2694 Novembris,
1353 2638 1440 2682 anno

387 2719 522 2784 Domini
544 2716 719 2781 millesimo
741 2716 973 2780 treoentesimo
996 2715 1249 2800 quintodecimo.

224 2881 363 2986 hrt-ipsam
390 2895 645 2948 mutatioineeele-
722 2868 841 2933 Pateat
863 2867 1026 2933 univorsis
1055 2891 1115 2954 per
1136 2877 1326 2957 praesentes,
1350 2874 1439 2958 quod

223 2993 380 3094 mma
392 2964 429 3015 ⁵³³
439 2967 471 3013 ὅθ
481 2963 604 3012 M⁶¹d⁰¹¹'·
678 2990 744 3046 nos,
760 3021 766 3034 .
790 2969 960 3036 ,officialis
985 2971 1111 3035 domini
1126 2973 1359 3040 Dunolmensis
1373 2977 1441 3061 epi·

223 3091 298 3136 inane
392 3069 490 3154 scopi,
507 3067 718 3154 ejusdemque
733 3071 847 3156 patris,
863 3070 906 3136 ad
930 3071 1176 3138 admittendum
1201 3079 1236 3141 et
1262 3077 1440 3142 instituen·
1467 3129 1470 3136 .

223 3143 346 3238 ill'stll‘
394 3173 472 3236 dum
496 3171 666 3236 dominum
689 3173 873 3238 Robertum
904 3175 944 3239 de
967 3173 1176 3260 Tymparon',
1207 3177 1371 3257 alericum,
1396 3181 1436 3244 in

393 3274 526 3340 eoelesia
551 3273 730 3358 parochiali
754 3274 796 3340 de
821 3274 975 3356 Meldon’,
1002 3276 1046 3341 ad
1072 3280 1361 3362 praesentationem
1390 3303 1440 3346 re·

392 3376 582 3463 ligiosorum
597 3377 751 3454 virorum,
770 3425 778 3441 .
801 3428 808 3442 .
832 3377 951 3462 prioris
966 3384 1001 3442 et
1017 3385 1199 3446 conventus
1214 3382 1356 3448 eeclesiae
1372 3383 1441 3448 Du-

392 3477 824 3554 nolmensis,oommissa1ius
840 3479 997 3565 specialis,
1006 3480 1115 3566 ipsum
1131 3480 1302 3548 dominum
1317 3484 1442 3549 Rober·

272 3624 277 3642 1
392 3587 474 3658 tum,
484 3581 525 3644 ad
542 3581 830 3667 praesentationem
846 3581 1025 3646 eorundem
1042 3582 1270 3669 religiosorum
1284 3585 1441 3664 virorum,

393 3685 437 3747 ad
459 3683 582 3746 dictam
606 3682 772 3748 eeclesiam
795 3684 836 3748 de
860 3683 1011 3762 Meldon‘,
1027 3685 1176 3751 dioeoesis
1198 3685 1440 3768 Dunolmensis‚
1526 3697 1534 3712 ‘

393 3787 575 3862 vacantem,
598 3782 699 3847 etad
730 3785 877 3871 ipsorum
901 3787 1192 3872 praesentationem
1225 3795 1440 3874 speetantem,

393 3879 593 3966 admisimus,
624 3887 796 3971 ipsumque
826 3892 983 3953 rectorem
1013 3888 1220 3955 instituimus
1246 3893 1283 3955 in
1315 3893 1440 3958 eadem.

395 3989 438 4054 In
459 3988 554 4074 oujus
575 3987 623 4053 rei
657 3986 895 4069 testimonium,
918 3989 978 4056 has
1000 3995 1130 4057 nostras
1151 3991 1265 4058 literas
1287 3999 1440 4079 patentes

394 4091 458 4156 sibi
494 4089 566 4155 fieri
603 4089 747 4169 fecimus,
790 4091 898 4178 sigillo
947 4092 1158 4160 officialitatis
1204 4095 1440 4164 Dunolmenais

394 4194 547 4280 signatas.
592 4192 718 4257 Datum
740 4194 830 4278 apud
853 4193 1064 4274 Dunolmum,
1088 4196 1134 4282 vj.
1166 4197 1208 4265 id.
1233 4198 1441 4278 Novembris,

393 4316 480 4360 anno
495 4293 630 4358 Domini
653 4293 826 4360 millesimo
848 4308 925 4363 000⁰.
948 4296 1202 4381 quintodecimo.

224 4453 519 4550 mantum&
537 4475 607 4524 salvo
686 4445 862 4512 Universis
908 4448 1035 4514 Christi
1071 4449 1224 4515 fidelibus
1261 4459 1438 4537 praesentes

225 4555 311 4648 {psa
327 4556 373 4600 nen
393 4543 526 4590 consuetu,
641 4548 752 4614 literas
783 4548 989 4635 inspecturis,
1018 4551 1188 4632 Rioardus,
1225 4556 1438 4640 permissione

224 4655 325 4708 seinata
392 4642 517 4724 divina,
556 4647 805 4744 Dunolmensis·
826 4652 1003 4740 episeopus,
1046 4655 1186 4721 salutem
1224 4657 1260 4721 in
1291 4659 1439 4724 omnium
