3562 5710
400 796 488 861 1064
576 807 776 860 suumrauu
799 805 1000 858 summurn
1023 803 1266 857 nuunaurssr.

250 1011 374 1056 suma
400 995 557 1071 vestrum,
579 991 623 1056 ad
652 988 915 1076 respondendum
936 988 1128 1054 Alexandro
1159 988 1190 1053 le
1220 985 1386 1066 Plumbor,
1408 987 1449 1052 de
1462 995 1626 1050 sensus

401 1093 522 1179 placito
545 1092 634 1178 quod
663 1092 781 1158 reddat
811 1093 843 1157 ei
872 1091 979 1180 xigvij.
1002 1090 1105 1156 libras
1127 1096 1162 1157 et
1184 1091 1297 1156 deoem
1320 1089 1452 1165 solidos,

401 1215 484 1282 quos
514 1195 545 1260 ei
579 1193 687 1271 debet,
729 1185 765 1258 et
794 1192 918 1278 injuste
948 1192 1086 1272 detinet,
1109 1195 1149 1257 ut
1178 1191 1279 1256 dicit:
1305 1197 1340 1256 et
1363 1191 1452 1254 unde

402 1297 579 1364 vioeeomes
601 1299 714 1360 noster
735 1293 985 1360 Northumbriae
1007 1294 1089 1358 alias
1112 1293 1285 1359 mandavit
1302 1291 1453 1377 justicia-

403 1398 461 1463 riis
498 1397 621 1464 nostris
651 1395 740 1481 apud
775 1394 1113 1474 westmonasterium,
1147 1395 1237 1480 quod
1274 1393 1453 1480 praedictus

404 1500 568 1566 Robertus
598 1497 733 1564 clericus
755 1501 813 1574 est,
836 1501 870 1562 et
892 1496 1084 1565 nonhabet
1113 1495 1233 1560 laicum
1254 1494 1386 1561 feodum
1417 1495 1453 1559 in

406 1600 531 1667 balliva
560 1619 628 1676 sua,
654 1598 713 1662 ubi
745 1601 855 1682 potest
878 1597 1084 1664 summoneri.
1146 1596 1191 1662 Et
1220 1597 1342 1674 sciatis,
1365 1596 1453 1681 quod

405 1701 470 1768 nisi
493 1699 769 1767 hoo'mandatum
799 1705 949 1766 nostrum
980 1699 1109 1784 plenius
1134 1697 1355 1783 exequamini,
1378 1719 1452 1784 gru·

405 1802 561 1868 vitared
586 1823 645 1868 vos
677 1801 850 1886 capiemus.
912 1801 957 1865 Et
987 1799 1137 1866 habeatis
1169 1799 1216 1865 ibi
1250 1799 1311 1866 hoo
1344 1800 1453 1865 breve.

405 1904 513 1981 Teste,
535 1903 584 1968 W.
608 1901 649 1967 da
682 1902 848 1979 Bereford
881 1902 971 1988 apud
991 1901 1331 1982 westmonasterium,
1353 1900 1450 1987 xvij⁰.

406 2005 460 2070 die
484 2003 666 2082 Februarii,
690 2024 777 2070 anno
799 2004 895 2089 regni
917 2002 1024 2068 nostri
1047 2010 1174 2068 octavo.

238 2228 363 2324 ma
407 2229 555 2322 mm&
634 2212 846 2299 Injunximus
877 2212 1023 2278 Roberto
1052 2213 1084 2277 le
1107 2211 1247 2290 Avener,
1270 2210 1332 2278 sub
1355 2232 1454 2297 poena

239 2329 377 2382 sensura
588 2314 943 2391 excommunicationis,
966 2313 1054 2399 quod
1076 2313 1122 2379 sit
1147 2335 1255 2380 eoram
1278 2313 1381 2390 vobis,
1411 2311 1453 2377 ad
1486 2386 1491 2396 ¹

407 2417 495 2484 diem
517 2421 553 2482 et
575 2417 682 2482 locum
704 2416 741 2480 iu
762 2416 857 2482 brevi
880 2421 1060 2510 contentos.

239 2629 376 2724 'stiffi
408 2657 491 2709 Eme
533 2672 562 2708 m
579 2657 641 2708 M,
718 2614 910 2693 Edwardus,
953 2616 1016 2682 Dei
1062 2617 1178 2703 gratia,
1216 2639 1275 2682 rex
1313 2615 1455 2701 Angliae,

239 2693 377 2824 &affirm
408 2723 496 2802 uibus·
529 2724 641 2776 'oribus
674 2718 827 2784 dominus
864 2718 1045 2795 Hiberniae,
1079 2723 1113 2783 et
1149 2719 1219 2783 dux
1253 2717 1455 2804 Aquitaniae,

238 2829 366 2924 m·
411 2789 607 2841 ⁰¹⁰¹¹¹⁰¹¹⁸¹b¹¹⁸·
674 2818 854 2886 venereus
884 2819 920 2883 in
944 2818 1078 2884 osuio
1107 2819 1206 2905 patri,
1229 2818 1378 2895 marso,
1402 2837 1455 2882 a

239 2929 334 2974 onore
408 2917 484 2981 dem
505 2918 621 3003 gratia,
637 2920 856 2986 Dunolmensi
878 2919 1037 3006 episeopo,
1060 2920 1208 2986 salutem.
1258 2920 1455 2986 Mandemus

407 3017 512 3097 vobis,
533 3019 619 3086 siout
640 3022 730 3100 alias,
753 3022 841 3108 quod
863 3022 1042 3113 deprimis
1072 3022 1227 3102 denariis,
1255 3044 1336 3109 quos
1365 3022 1455 3087 leva·

408 3119 476 3184 turi
507 3121 587 3186 estis
617 3121 653 3186 in
683 3123 873 3210 episcopatu
895 3129 1014 3205 vestro,
1039 3124 1082 3188 de
1109 3125 1283 3212 arreragiis
1314 3124 1455 3190 subsidii

408 3221 595 3287 medietatis
625 3223 720 3290 clarae
742 3225 907 3290 memoriae
929 3225 1062 3290 domino
1093 3226 1264 3308 Eduardo,
1289 3226 1455 3312 quondam

409 3323 480 3410 regi
501 3322 640 3412 Angliae,
664 3325 754 3411 patri
782 3331 905 3406 nostro,
928 3348 949 3391 a
971 3325 1056 3392 clero
1078 3327 1206 3393 dudum
1228 3349 1388 3396 eoneessae
1419 3329 1456 3394 in

409 3425 600 3510 episcopatu
629 3427 796 3513 prouisa,
820 3427 903 3492 solvi
933 3433 968 3493 et
995 3427 1130 3494 liberari
1156 3429 1286 3496 faciatis
1317 3429 1457 3496 indilate

410 3525 585 3591 Fratribus
614 3528 798 3594 Minoribus
821 3529 1063 3595 oxoniensibus
1087 3530 1197 3596 deeem
1219 3552 1353 3610 mareas,
1376 3553 1457 3617 quas

410 3627 457 3692 eis
488 3627 728 3714 assignavimus
764 3629 968 3716 recipiendas
1006 3630 1047 3696 de
1081 3632 1175 3697 vobis
1212 3632 1254 3699 do
1283 3634 1457 3720 arreragiis

411 3728 586 3814 praedietis,
623 3729 675 3816 in·
697 3735 824 3817 partem
866 3732 1037 3817 cujusdam
1075 3754 1195 3800 annuae
1233 3736 1458 3822 eleemosynae,

413 3849 513 3913 quam
536 3828 577 3894 de
599 3830 694 3896 nobis
716 3832 903 3919 percipiunt
917 3835 1111 3914 annuatim
1134 3836 1328 3922 recipientes
1342 3836 1386 3902 ab
1401 3837 1458 3916 eis,

412 3930 467 3995 vel
500 3951 613 3996 eorum
647 3938 736 3998 serto
769 3938 939 4002 attornato
972 3937 1010 4000 in
1032 3937 1094 4002 heo
1124 3943 1225 4025 perte,
1255 3938 1383 4005 talliam
1418 3939 1460 4004 de

414 4031 583 4098 Scaemrio
605 4038 726 4114 nostro,
748 4036 882 4102 nomine
903 4043 1013 4102 vestro
1035 4037 1190 4118 lavam,
1205 4040 1317 4106 decem
1332 4061 1458 4108 mareas

413 4131 587 4219 praediotas
609 4135 852 4218 continentem
875 4159 1052 4224 perquam
1075 4145 1145 4205 tam
1167 4141 1262 4208 vobis
1285 4163 1386 4228 quam
1409 4193 1416 4208 .
1449 4192 1457 4208 .

413 4235 516 4321 priori
537 4234 753 4302 Dunolmensi
776 4238 940 4304 collectori
965 4239 1105 4306 subsidii
1127 4242 1287 4329 praedicti,
1310 4243 1457 4309 debitam

414 4337 492 4401 inde
528 4335 756 4405 allooationem
802 4340 923 4406 habere
960 4341 1122 4409 faciemus.
1198 4343 1302 4424 Teste,
1340 4345 1383 4412 Hs
1415 4345 1457 4411 de

415 4437 600 4515 Staunton’,
622 4438 712 4524 apud
734 4440 1071 4520 westmonasterium,
1098 4441 1156 4509 ix⁰a
1181 4446 1235 4510 die
1260 4445 1459 4530 Deeembria

415 4560 503 4605 anno
526 4541 617 4628 regui
639 4543 745 4608 nostri
767 4548 891 4610 octavo.
