3502 6108
499 455 697 506 susurrum
720 453 923 506 nimiruum
946 445 1362 508 nnunmmss.1205

139 668 183 717 an.
191 671 266 726 sue
275 678 294 719 2
306 676 384 728 cm,
409 675 517 728 odfridi
547 680 578 730 d,
655 641 825 720 Ricardus,
849 641 1059 728 permissione
1089 643 1213 719 divina,
1236 642 1362 708 Dunol·
1392 662 1448 706 nn.
1456 667 1515 708 uu.

305 742 380 793 Henn
381 744 430 794 ὼ]
432 745 483 795 ⁰¹1¹·
610 745 731 809 mensis
754 743 932 830 episcopua,
954 744 1106 817 omnibus
1129 744 1215 811 hanc
1237 749 1359 810 cartam
1372 723 1517 866 ἓῖῧῇῗξρ

305 843 426 909 visuris
449 845 502 908 vel
528 845 700 922 audituris,
722 845 894 910 alutem
885 867 921 909 1n
943 844 1087 911 Domino
1117 845 1358 932 sempiternam.
1370 824 1520 966 affl„

305 943 426 1010 Sciatis
459 967 518 1010 nos
553 947 687 1023 dedisse,
721 947 922 1024 concessisse,
957 952 991 1011 et
1027 947 1089 1012 hac
1122 951 1213 1012 carta
1246 935 1386 1011 nostrun
1369 972 1451 1068 '⁸¹⁶3'
1387 924 1526 1020 ‘'Mm-

304 1046 520 1124 confirmasse,
536 1047 682 1112 Galfiido
697 1049 738 1112 dc
765 1047 983 1112 Henneknoll'
998 1047 1137 1134 triginta
1151 1069 1242 1112 acras
1258 1069 1403 1118 moraesv
1390 1086 1433 1120 ιιιι
1418 1025 1504 1121 tta

303 1149 339 1210 et
373 1149 459 1212 vasti
491 1149 595 1213 nostri
632 1149 669 1212 in
702 1149 847 1214 manerio
881 1149 922 1213 dc
954 1148 1162 1226 Evenwode3
1194 1148 1355 1226 videlicet,

280 1324 282 1330 Ι
302 1247 571 1334 mg1nt1etduas
586 1271 678 1316 acras
700 1251 736 1313 in
759 1250 829 1316 loco
853 1250 911 1335 qui
933 1255 1099 1315 vocatur‘
1102 1249 1355 1328 ‘Stirkesfadd'f

301 1371 360 1435 per
382 1349 441 1414 has
462 1351 605 1426 divisas;
630 1351 792 1430 videlicet,
814 1349 1001 1436 incipiendo
1023 1350 1067 1415 ad
1089 1356 1210 1415 terram
1233 1350 1353 1415 cultam

301 1449 342 1514 de
364 1451 550 1529 Evenwod’,
566 1452 796 1530 descendendo,
813 1473 925 1516 versus
947 1451 1088 1529 boream,
1111 1451 1197 1517 sicut
1219 1451 1355 1518 baronia

301 1552 342 1616 de
365 1553 541 1619 Evenwod'
568 1559 738 1641 separatur
758 1554 800 1618 de
823 1553 918 1617 feodo
947 1553 1153 1639 episcopide
1181 1549 1354 1640 Conpland

300 1655 337 1717 in
363 1653 454 1719 West
475 1655 669 1732 Aukeland’,
693 1660 727 1720 et
756 1655 802 1718 sio
817 1653 1003 1741 incipiendo
1034 1654 1074 1718 de
1098 1653 1241 1734 Quenild
1257 1654 1353 1720 Cross

300 1776 402 1840 usque
431 1757 475 1821 ad
504 1777 621 1841 aquam
654 1757 694 1820 de
725 1755 877 1832 Gaunles,
907 1760 941 1819 et
973 1755 1018 1818 sic
1048 1754 1089 1818 de
1120 1753 1265 1820 Gaunlas
1295 1779 1354 1842 per

190 1851 193 1858 ’
299 1857 483 1922 Labdelsik’
507 1879 610 1942 usque
625 1857 668 1921 ad
683 1861 779 1920 vetus
793 1856 952 1921 fossatum
974 1856 1080 1941 campi
1103 1855 1144 1920 de
1164 1858 1352 1936 Evenwod',

299 1965 334 2022 et
363 1959 409 2023 sic
439 1980 497 2046 per
527 1957 611 2022 iilud
633 1958 791 2023 fossatum
821 1978 924 2042 usque
952 1955 998 2021 Le
1021 1955 1141 2042 Salgh’,
1163 1957 1266 2024 etsie
1288 1959 1351 2024 Del

300 2059 411 2145 Salgh,
433 2081 493 2146 per
522 2064 618 2124 vetus
640 2060 798 2124 fossatum
824 2058 926 2144 juxta
952 2059 1054 2124 altam
1077 2058 1174 2136 viam
1197 2065 1285 2124 retro
1306 2061 1350 2125 ad
1441 2095 1445 2102 ·

299 2161 443 2241 Quenild
477 2161 580 2237 cross,
603 2181 717 2226 versus
750 2160 905 2240 boream3
938 2165 972 2224 ct
1005 2158 1171 2244 quandam
1204 2160 1349 2246 placeam

298 2264 384 2328 vasti
408 2262 521 2343 nostri,
536 2258 636 2327 morae
659 2265 694 2327 et
708 2266 862 2347 pasturae,
879 2261 913 2323 iu
930 2259 976 2325 Le
987 2259 1167 2330 ¹Suthmore
1182 2261 1222 2326 de
1239 2261 1349 2328 Even-

296 2365 399 2441 wode,
429 2386 503 2450 quae
525 2363 673 2428 continet
703 2363 739 2426 in
761 2383 795 2427 se
826 2368 898 2428 octo
921 2383 1012 2426 acras
1034 2369 1140 2441 terrae,
1161 2362 1348 2450 incipiendo
1443 2432 1446 2440 ,

296 2466 338 2530 ad
361 2466 468 2532 locum
484 2464 541 2550 qui
564 2469 701 2529 vocatur
724 2464 797 2528 “Le
813 2462 1067 2540 Parkebuskes,''
1091 2467 1125 2527 et
1147 2464 1194 2528 sic
1216 2464 1347 2531 descen·

294 2567 402 2632 dendo
424 2588 528 2652 usque
550 2566 587 2630 in
602 2571 700 2630 vetus
719 2565 886 2642 fossatum,
902 2564 996 2629 etsie
1011 2564 1051 2628 de
1066 2564 1123 2628 illo
1138 2564 1259 2630 fossato
1273 2588 1347 2631 ver·

294 2690 349 2734 sus
371 2669 511 2746 boream,
527 2668 589 2732 sub
603 2666 660 2731 via
675 2687 749 2750 quae
772 2670 909 2731 vocatur
932 2675 947 2701 “
959 2666 1104 2730 Bernurd
1121 2665 1346 2753 Castellgate,''

293 2792 396 2856 usque
419 2785 556 2857 parvum
585 2768 757 2844 vivarium,
782 2773 817 2832 et
839 2768 885 2833 sic
908 2788 1009 2853 usque
1032 2766 1166 2832 Helton’
1186 2767 1286 2846 Rode,
1310 2759 1345 2834 et

293 2872 332 2936 de
372 2871 497 2938 Helton
531 2871 631 2950 Rode,
665 2891 778 2934 versus
815 2868 982 2946 orientem,
1013 2868 1160 2954 adusque
1190 2874 1343 2956 stagnum

291 2974 385 3059 parvi
411 2973 532 3038 vivarii
562 2971 732 3059 praedicti:
767 2970 953 3034 habendum
976 2974 1011 3034 et
1043 2969 1223 3034 tenendum
1254 2970 1343 3036 dicto

292 3077 449 3155 Golfrido,
463 3075 649 3140 haeradibus
665 3078 699 3138 at
713 3071 890 3158 assignatis
904 3071 984 3148 suis,
1002 3070 1043 3135 de
1058 3070 1152 3135 nobis
1168 3075 1202 3135 et
1217 3093 1341 3150 succes-

290 3177 419 3243 soribus
433 3175 561 3252 nostris,
577 3174 686 3254 libere,
703 3173 823 3259 quiete,
837 3171 919 3237 bene
936 3177 970 3237 et
991 3171 1028 3235 in
1044 3193 1131 3256 pace,
1146 3193 1221 3236 oum
1236 3174 1341 3238 omni-

290 3281 352 3345 bus
384 3277 592 3344 libertatibus
623 3282 671 3356 et,
690 3274 911 3360 aysiamentis
935 3273 978 3338 ad
1012 3273 1202 3360 praedictam
1225 3275 1339 3339 vitlem

290 3383 330 3448 de
354 3381 542 3447 Evanwode
573 3375 836 3464 pertinentibus;
870 3374 1035 3440 reddendo
1065 3373 1142 3439 inde
1164 3376 1338 3440 annuatim

289 3483 383 3548 nobis
406 3487 440 3547 et
465 3478 700 3546 successoribus
724 3475 881 3561 [nostris]
906 3474 949 3540 ad
971 3475 1166 3541 scaccarium
1189 3482 1337 3541 nostmm

290 3584 520 3660 Dunolmense,
550 3580 661 3646 decem
685 3578 812 3654 solidos,
841 3578 885 3642 ad
907 3580 1047 3661 quatuor
1077 3575 1157 3640 anni
1180 3577 1338 3643 terminos

289 3688 325 3750 in
347 3686 537 3772 episcopatu
560 3678 774 3747 Dunolmensi
789 3677 994 3756 constitutos,
1018 3699 1076 3762 per
1098 3677 1240 3762 aequales
1262 3701 1336 3764 por·

288 3789 403 3864 tiones,
427 3809 486 3873 pro
508 3783 660 3850 omnibus
693 3778 837 3844 servitiis
867 3777 1085 3855 saecularibus,
1109 3777 1335 3844 exactionibus

288 3895 322 3955 et
344 3887 523 3954 demendis.
572 3884 618 3948 Et
639 3905 698 3948 nos
729 3887 763 3946 et
794 3901 990 3945 successores
1023 3879 1128 3944 nostri
1161 3879 1334 3965 praedictas

286 3991 413 4076 placeas
436 3988 531 4067 vasti,
565 4007 626 4072 per
656 4005 731 4048 suas
765 3981 896 4060 divisas,
923 3984 962 4044 ut
996 4000 1095 4065 supra
1117 3980 1243 4044 dictum
1274 3986 1333 4058 est,

286 4093 442 4179 praedicto
466 4088 620 4166 Galsrido,
644 4083 828 4151 haeredibus
858 4088 893 4147 ct
921 4081 1096 4167 assignatis
1121 4082 1196 4158 suis,
1219 4088 1333 4144 contra

287 4217 399 4260 omncs
421 4192 568 4256 homines
599 4185 895 4270 warantizabimus,
925 4182 1183 4268 acquietabimus
1213 4187 1246 4247 et
1277 4183 1333 4248 de·
1375 4187 1468 4235 ”Mb-

287 4296 468 4372 t'endemus,
491 4293 527 4355 in
548 4293 749 4377 perpetuum.
797 4285 836 4348 Iu
874 4283 967 4367 cujus
1004 4284 1051 4350 rei
1096 4283 1331 4362 testimonium,
1549 4276 1552 4282 ’
