3566 5712
382 776 469 844 1046
569 787 766 838 nnsrsrnuu
788 781 992 834 rmurruuu
1014 782 1256 834 nuumurmrsr.

232 997 354 1044 unnu-
384 980 576 1062 Leueshm,
600 977 740 1044 Roberti
762 977 803 1043 de
825 975 967 1055 Murton,
986 968 1154 1042 {Iohannis
1177 974 1218 1040 de
1233 972 1609 1061 udmansleymnss

387 1091 422 1152 st
446 1082 569 1170 Rogeri
590 1079 653 1145 filii
669 1079 790 1167 Rogeri
812 1079 853 1144 de
875 1078 998 1158 Esshe3
1020 1079 1071 1144 its
1093 1077 1183 1164 quod
1197 1077 1348 1142 denarios
1363 1075 1437 1140 illos

386 1185 537 1253 habentis
570 1205 629 1271 per
662 1182 806 1268 aliquem
838 1181 880 1247 de
902 1179 1031 1262 vestris,
1055 1181 1098 1247 nd
1119 1178 1209 1245 idem
1232 1177 1437 1247 scaccarium

385 1292 537 1356 nostrum
570 1285 660 1374 apud
684 1281 1025 1362 westmonasterium,
1048 1303 1070 1349 n
1091 1281 1144 1348 die
1167 1281 1300 1350 Pssehae
1322 1281 1360 1346 in
1381 1304 1436 1348 xv.

386 1392 457 1458 dies
480 1389 576 1456 nobis
591 1386 773 1467 solvendos,
789 1394 823 1453 et
845 1387 908 1453 hoe
922 1385 1029 1451 breve.
1077 1385 1183 1462 Teste,
1199 1385 1243 1451 H.
1259 1383 1300 1450 de
1316 1383 1438 1452 Steun-

387 1494 465 1572 ton',
487 1491 577 1578 apud
599 1489 940 1568 westmonasterium,
956 1486 1054 1574 xiiij0.
1071 1487 1125 1552 die
1147 1487 1328 1566 Februarii,
1350 1491 1446 1552 anno·

389 1595 482 1683 regni
514 1592 622 1658 nostri
653 1593 888 1659 octavu-Per
923 1612 1080 1678 magnum
1112 1589 1259 1656 rotulum
1281 1590 1322 1655 de
1351 1611 1438 1658 anno

388 1697 494 1786 primo
516 1694 604 1783 regis
626 1695 785 1760 Edwsrdi
807 1715 903 1771 nune,
927 1698 961 1759 et
983 1714 1041 1780 per
1063 1692 1310 1760 thesaurarium.

220 1929 345 2027 &iffi
635 1939 753 2004 Petrus
775 1938 817 2004 de
840 1937 993 2004 Boulton'
1007 1942 1158 2004 mortuus
1173 1942 1232 2018 est,
1247 1961 1307 2005 nee
1321 1939 1440 2006 habuit

222 2034 291 2086 ⁸⁰¹¹*
299 2028 359 2078 'di
390 2007 539 2062 Remum
590 2040 702 2126 ulique
723 2042 811 2106 bons
833 2040 886 2105 vel
909 2040 1035 2118 catulis,
1058 2044 1180 2127 praeter
1194 2041 1339 2127 quinque
1354 2063 1440 2108 mer-

392 2147 482 2208 cstss
508 2141 546 2207 in
578 2142 659 2209 villu
680 2143 721 2208 de
756 2142 914 2230 Angrom
938 2163 1019 2228 quas
1051 2141 1259 2223 seisivimus3
1281 2165 1341 2208 nee
1374 2143 1441 2210 alis.

391 2243 610 2310 inveniuntur
632 2244 804 2322 ssisisndu,
827 2251 990 2330 quatenus
1013 2244 1122 2312 adhue
1151 2245 1233 2310 scire
1263 2266 1440 2332 possumus.

223 2452 357 2609 ffb·
374 2541 583 2596 sensns
591 2545 659 2610 mg,
736 2502 928 2580 mwmuus,
963 2499 1027 2566 nei
1060 2501 1175 2588 min
1208 2521 1268 2568 rex
1300 2499 1442 2590 Argus,

250 2625 329 2658 rouro
410 2625 438 2660 ro
583 2627 599 2664 ο
644 2627 658 2663 e
736 2625 806 2668 mm
829 2625 845 2668 s
1296 2626 1333 2668 ul

225 2612 342 2768 iiiiii
392 2611 583 2742 amssffidph
627 2613 644 2662 ‘¹
690 2603 1118 2772 ignemiilifliriergiiiisii
1150 2605 1442 2792 {ildiriAqRitgildtg'

393 2809 506 2876 eedem
522 2810 638 2898 grstia,
651 2807 868 2875 Dunelmensi
883 2808 1033 2894 episeopo
1044 2807 1191 2874 sulutem
1231 2808 1315 2874 Cum
1328 2827 1443 2896 nuper,

393 2917 526 2997 suseptu
541 2933 584 2977 ex
606 2911 739 2997 querele
753 2909 922 2996 Redulphi
945 2909 985 2975 de
1001 2908 1147 2997 Warsop,
1169 2911 1279 2998 ipsum
1294 2913 1331 2976 in
1352 2910 1444 2976 nullo

321 3019 325 3027 '
395 3012 587 3080 forisfecisse
610 3033 670 3078 nee
686 3011 769 3078 elias
789 3010 974 3097 deliquisse,
991 3033 1091 3097 qunre
1108 3012 1251 3093 deberet,
1266 3013 1446 3079 seeundum

396 3117 501 3203 legem
525 3119 559 3182 et
580 3114 854 3184 consuetudinem
876 3113 971 3200 regni
994 3114 1109 3196 nostri,
1126 3115 1206 3202 cepi,
1230 3116 1446 3204 imprisonmi,

398 3237 457 3284 seu
478 3217 576 3284 modo
608 3217 728 3304 quovis
764 3215 830 3282 elio
852 3216 1028 3294 molestari,
1050 3237 1089 3282 se
1110 3238 1169 3283 vos
1191 3218 1300 3304 ipsum
1322 3217 1448 3283 deul·

402 3320 504 3409 phum
526 3320 615 3408 apud
638 3319 803 3397 Stekton',
825 3317 913 3382 infre
935 3317 1121 3384 libertatem
1152 3325 1296 3385 vestram
1323 3319 1448 3386 Dunel-

402 3445 557 3502 mensem,
591 3443 650 3510 pro
673 3422 815 3508 quadam
846 3421 1103 3508 transgressione
1125 3421 1189 3489 sibi
1211 3445 1270 3510 per
1291 3423 1448 3509 quosdam

400 3527 535 3595 aemulos
558 3547 634 3592 suos
657 3525 820 3612 imposita,
842 3523 973 3611 cepisse,
989 3528 1023 3590 et
1037 3525 1074 3589 in
1089 3525 1223 3612 prisona
1237 3531 1348 3592 vestre
1361 3528 1448 3614 apud

401 3629 604 3695 Dunelmum
637 3627 773 3710 retrudi,
804 3625 1021 3692 nihilominus
1055 3629 1254 3714 praeeepisse,
1277 3629 1450 3716 ipsumque

402 3751 460 3818 per
491 3728 705 3796 sufficientem
739 3727 1026 3815 menueeptionem
1056 3730 1168 3795 standi
1191 3738 1279 3800 recto
1301 3733 1339 3797 in'
1360 3735 1451 3799 curia

402 3836 521 3910 vestra,
555 3853 629 3897 eum
652 3851 720 3908 vos,
742 3829 797 3895 vel
818 3828 911 3907 alius,
935 3850 1048 3895 versus
1071 3853 1146 3896 eum
1169 3831 1210 3898 de
1233 3834 1322 3900 diets
1344 3827 1463 3902 trans

403 3934 568 4022 gressione
601 3932 693 4018 loqui
715 3931 854 4011 velletis,
878 3950 1067 4018 quanquam
1089 3935 1267 4002 secundum
1289 3936 1395 4025 legem
1418 3944 1452 4004 et

404 4033 678 4104 consuetudinem
700 4033 874 4120 praedietss
896 4032 974 4098 inde
1003 4039 1089 4100 esset
1118 4037 1346 4124 replegisbilis,
1372 4040 1452 4106 fuis-

403 4139 547 4224 setisque
581 4144 679 4223 'super
716 4135 777 4200 hoe
810 4156 853 4200 ex
874 4140 968 4221 perte
998 4157 1058 4202 sua
1091 4137 1214 4225 pluries
1248 4141 1454 4227 requisitis

404 4240 539 4329 prisona
553 4241 667 4305 temen
689 4236 748 4304 ilis
769 4236 943 4303 deliberari
965 4237 1070 4305 faeere
1085 4259 1255 4324 recusasse,
1280 4243 1375 4308 vobis
1397 4265 1454 4331 per

404 4345 504 4410 breve
519 4344 670 4407 nostrum
690 4339 880 4406 dederimus
896 4339 933 4404 in
947 4341 1124 4423 mandetis,
1141 4343 1232 4429 quod
1253 4343 1282 4409 si
1296 4345 1346 4412 its
1360 4351 1453 4429 esset,

406 4452 441 4511 et
473 4443 563 4509 idem
595 4441 792 4529 R-sdulphns
815 4442 981 4509 inveniret
1003 4444 1097 4510 vobis
1120 4445 1317 4513 sufficientes
1339 4469 1455 4516 manu·
1572 4442 1574 4446 ’

410 4550 568 4633 captores,
584 4545 642 4630 qui
658 4565 733 4610 eum
748 4551 1004 4632 manuusperent
1025 4546 1145 4612 hebere
1160 4569 1268 4614 eorem
1283 4549 1385 4630 vobis,
1401 4552 1456 4618 vel

409 4646 573 4713 ministris
587 4647 707 4712 vestris
729 4647 829 4715 dietae
844 4645 1018 4728 libertatis,
1033 4649 1077 4715 nd
1093 4641 1286 4718 mandatum
1300 4657 1456 4734 vestrum,
