<?xml version="1.0" encoding="UTF-8"?>
<!DOCTYPE html PUBLIC "-//W3C//DTD XHTML 1.0 Transitional//EN"
    "http://www.w3.org/TR/xhtml1/DTD/xhtml1-transitional.dtd">
<html xmlns="http://www.w3.org/1999/xhtml" xml:lang="en" lang="en">
 <head>
  <title>
</title>
<meta http-equiv="Content-Type" content="text/html;charset=utf-8" />
  <meta name='ocr-system' content='tesseract 3.04.00' />
  <meta name='ocr-capabilities' content='ocr_page ocr_carea ocr_par ocr_line ocrx_word'/>
</head>
<body>
  <div class='ocr_page' id='page_1' title='image "./registrumpalati00kellgoog_0659.png"; bbox 0 0 3354 5702; ppageno 0'>
   <div class='ocr_carea' id='block_1_1' title="bbox 440 265 1305 350">
    <p class='ocr_par' dir='ltr' id='par_1_1' title="bbox 440 265 1305 350">
     <span class='ocr_line' id='line_1_1' title="bbox 440 265 1305 350; baseline 0.001 -22"><span class='ocrx_word' id='word_1_1' title='bbox 440 277 638 330; x_wconf 83' lang='lat' dir='ltr'>asursrauu</span> <span class='ocrx_word' id='word_1_2' title='bbox 661 277 863 329; x_wconf 73' lang='lat' dir='ltr'>elisurum</span> <span class='ocrx_word' id='word_1_3' title='bbox 886 279 1127 350; x_wconf 78' lang='lat' dir='ltr'>nuruaurrsn.</span> <span class='ocrx_word' id='word_1_4' title='bbox 1220 265 1305 334; x_wconf 79' lang='lat'>1275</span> 
     </span>
    </p>
   </div>
   <div class='ocr_carea' id='block_1_2' title="bbox 93 466 1460 4227">
    <p class='ocr_par' dir='ltr' id='par_1_2' title="bbox 93 466 1460 2186">
     <span class='ocr_line' id='line_1_2' title="bbox 93 466 1460 634; baseline -0.001 -104"><span class='ocrx_word' id='word_1_5' title='bbox 93 473 248 530; x_wconf 72' lang='lat' dir='ltr'>saumas</span> <span class='ocrx_word' id='word_1_6' title='bbox 256 467 358 553; x_wconf 86' lang='lat' dir='ltr'>juxta</span> <span class='ocrx_word' id='word_1_7' title='bbox 380 466 657 543; x_wconf 84' lang='lat' dir='ltr'>Westaukeland&#39;‚</span> <span class='ocrx_word' id='word_1_8' title='bbox 687 485 915 634; x_wconf 60' lang='lat' dir='ltr'>scripurarum</span> <span class='ocrx_word' id='word_1_9' title='bbox 946 489 1028 554; x_wconf 90' lang='lat' dir='ltr'>quas</span> <span class='ocrx_word' id='word_1_10' title='bbox 1051 467 1234 534; x_wconf 90' lang='lat' dir='ltr'>Willelmus</span> <span class='ocrx_word' id='word_1_11' title='bbox 1267 468 1308 534; x_wconf 93' lang='lat' dir='ltr'>de</span> <span class='ocrx_word' id='word_1_12' title='bbox 1338 485 1460 530; x_wconf 72' lang='grc'><strong>66666.</strong></span> 
     </span>
     <span class='ocr_line' id='line_1_3' title="bbox 265 569 1309 657; baseline 0 -22"><span class='ocrx_word' id='word_1_13' title='bbox 265 569 488 656; x_wconf 86' lang='lat' dir='ltr'>Neubigging’</span> <span class='ocrx_word' id='word_1_14' title='bbox 512 575 606 634; x_wconf 91' lang='lat' dir='ltr'>tenet</span> <span class='ocrx_word' id='word_1_15' title='bbox 630 570 666 633; x_wconf 90' lang='lat' dir='ltr'>in</span> <span class='ocrx_word' id='word_1_16' title='bbox 688 569 760 634; x_wconf 88' lang='lat' dir='ltr'>Mid</span> <span class='ocrx_word' id='word_1_17' title='bbox 784 571 871 657; x_wconf 78' lang='lat' dir='ltr'>erig,</span> <span class='ocrx_word' id='word_1_18' title='bbox 885 571 999 638; x_wconf 84' lang='lat' dir='ltr'>novies</span> <span class='ocrx_word' id='word_1_19' title='bbox 1015 571 1137 657; x_wconf 88' lang='lat' dir='ltr'>viginti</span> <span class='ocrx_word' id='word_1_20' title='bbox 1159 593 1309 637; x_wconf 88' lang='lat' dir='ltr'>acrarum</span> 
     </span>
     <span class='ocr_line' id='line_1_4' title="bbox 263 670 1310 759; baseline 0.002 -22"><span class='ocrx_word' id='word_1_21' title='bbox 263 693 345 758; x_wconf 88' lang='lat' dir='ltr'>quas</span> <span class='ocrx_word' id='word_1_22' title='bbox 368 670 554 738; x_wconf 88' lang='lat' dir='ltr'>Willelmus</span> <span class='ocrx_word' id='word_1_23' title='bbox 577 671 617 736; x_wconf 91' lang='lat' dir='ltr'>de</span> <span class='ocrx_word' id='word_1_24' title='bbox 639 671 771 737; x_wconf 80' lang='lat' dir='ltr'>Denu‘m</span> <span class='ocrx_word' id='word_1_25' title='bbox 798 676 891 737; x_wconf 88' lang='lat' dir='ltr'>tenet</span> <span class='ocrx_word' id='word_1_26' title='bbox 921 672 956 736; x_wconf 91' lang='lat' dir='ltr'>in</span> <span class='ocrx_word' id='word_1_27' title='bbox 978 673 1205 759; x_wconf 88' lang='lat' dir='ltr'>Morleymore‚</span> <span class='ocrx_word' id='word_1_28' title='bbox 1229 695 1310 759; x_wconf 89' lang='lat' dir='ltr'>qua-</span> 
     </span>
     <span class='ocr_line' id='line_1_5' title="bbox 260 772 1435 861; baseline 0.001 -22"><span class='ocrx_word' id='word_1_29' title='bbox 260 772 443 839; x_wconf 91' lang='lat' dir='ltr'>tuordecim</span> <span class='ocrx_word' id='word_1_30' title='bbox 465 794 614 839; x_wconf 90' lang='lat' dir='ltr'>acrarum</span> <span class='ocrx_word' id='word_1_31' title='bbox 637 773 673 837; x_wconf 92' lang='lat' dir='ltr'>in</span> <span class='ocrx_word' id='word_1_32' title='bbox 695 794 787 839; x_wconf 90' lang='lat' dir='ltr'>mora</span> <span class='ocrx_word' id='word_1_33' title='bbox 808 774 850 839; x_wconf 88' lang='lat' dir='ltr'>de</span> <span class='ocrx_word' id='word_1_34' title='bbox 873 774 1093 839; x_wconf 88' lang='lat' dir='ltr'>Henneknoll&#39;</span> <span class='ocrx_word' id='word_1_35' title='bbox 1118 797 1199 861; x_wconf 88' lang='lat' dir='ltr'>quas</span> <span class='ocrx_word' id='word_1_36' title='bbox 1220 775 1310 840; x_wconf 90' lang='lat' dir='ltr'>Wal-</span> <span class='ocrx_word' id='word_1_37' title='bbox 1365 789 1435 830; x_wconf 68' lang='grc'><strong>1111·</strong></span> 
     </span>
     <span class='ocr_line' id='line_1_6' title="bbox 259 875 1310 964; baseline 0.001 -23"><span class='ocrx_word' id='word_1_38' title='bbox 259 876 415 942; x_wconf 85' lang='grc'><strong>1666616</strong></span> <span class='ocrx_word' id='word_1_39' title='bbox 438 875 576 940; x_wconf 84' lang='grc' dir='ltr'><strong>Β66166’</strong></span> <span class='ocrx_word' id='word_1_40' title='bbox 598 879 699 953; x_wconf 86' lang='grc'><strong>16661,</strong></span> <span class='ocrx_word' id='word_1_41' title='bbox 721 876 844 962; x_wconf 86' lang='lat' dir='ltr'>viginti</span> <span class='ocrx_word' id='word_1_42' title='bbox 867 897 1016 943; x_wconf 87' lang='lat' dir='ltr'>acrarum</span> <span class='ocrx_word' id='word_1_43' title='bbox 1045 877 1136 964; x_wconf 90' lang='lat' dir='ltr'>apud</span> <span class='ocrx_word' id='word_1_44' title='bbox 1165 877 1310 942; x_wconf 87' lang='lat' dir='ltr'>Pollard·</span> 
     </span>
     <span class='ocr_line' id='line_1_7' title="bbox 260 975 1310 1064; baseline 0.001 -22"><span class='ocrx_word' id='word_1_45' title='bbox 260 981 340 1056; x_wconf 89' lang='lat' dir='ltr'>cote,</span> <span class='ocrx_word' id='word_1_46' title='bbox 355 999 436 1063; x_wconf 90' lang='lat' dir='ltr'>quas</span> <span class='ocrx_word' id='word_1_47' title='bbox 452 975 630 1042; x_wconf 87' lang='lat' dir='ltr'>Nioholaus</span> <span class='ocrx_word' id='word_1_48' title='bbox 653 977 784 1043; x_wconf 89' lang='lat' dir='ltr'>Pollard</span> <span class='ocrx_word' id='word_1_49' title='bbox 800 981 901 1054; x_wconf 89' lang='lat' dir='ltr'>tenet,</span> <span class='ocrx_word' id='word_1_50' title='bbox 916 977 1027 1044; x_wconf 87' lang='lat' dir='ltr'>decem</span> <span class='ocrx_word' id='word_1_51' title='bbox 1049 999 1197 1045; x_wconf 91' lang='lat' dir='ltr'>aerarum</span> <span class='ocrx_word' id='word_1_52' title='bbox 1221 978 1310 1064; x_wconf 89' lang='lat' dir='ltr'>apud</span> 
     </span>
     <span class='ocr_line' id='line_1_8' title="bbox 259 1079 1309 1167; baseline 0 -22"><span class='ocrx_word' id='word_1_53' title='bbox 259 1081 306 1145; x_wconf 89' lang='lat' dir='ltr'>Le</span> <span class='ocrx_word' id='word_1_54' title='bbox 328 1079 503 1166; x_wconf 88' lang='lat' dir='ltr'>Haigartb,</span> <span class='ocrx_word' id='word_1_55' title='bbox 527 1100 609 1165; x_wconf 91' lang='lat' dir='ltr'>quas</span> <span class='ocrx_word' id='word_1_56' title='bbox 633 1079 792 1145; x_wconf 88' lang='lat' dir='ltr'>Ricardus</span> <span class='ocrx_word' id='word_1_57' title='bbox 814 1079 925 1167; x_wconf 84' lang='lat' dir='ltr'>Tagge</span> <span class='ocrx_word' id='word_1_58' title='bbox 954 1084 1057 1159; x_wconf 88' lang='lat' dir='ltr'>tenet,</span> <span class='ocrx_word' id='word_1_59' title='bbox 1080 1102 1138 1146; x_wconf 86' lang='lat' dir='ltr'>sex</span> <span class='ocrx_word' id='word_1_60' title='bbox 1160 1101 1309 1146; x_wconf 87' lang='lat' dir='ltr'>acrarum</span> 
     </span>
     <span class='ocr_line' id='line_1_9' title="bbox 260 1181 1311 1274; baseline -0.001 -26"><span class='ocrx_word' id='word_1_61' title='bbox 260 1203 341 1270; x_wconf 87' lang='lat' dir='ltr'>quas</span> <span class='ocrx_word' id='word_1_62' title='bbox 372 1183 513 1247; x_wconf 87' lang='lat' dir='ltr'>decanus</span> <span class='ocrx_word' id='word_1_63' title='bbox 546 1181 586 1246; x_wconf 92' lang='grc'>16</span> <span class='ocrx_word' id='word_1_64' title='bbox 609 1181 787 1246; x_wconf 84' lang='lat' dir='ltr'>Aukeland</span> <span class='ocrx_word' id='word_1_65' title='bbox 816 1185 909 1247; x_wconf 89' lang='lat' dir='ltr'>tenet</span> <span class='ocrx_word' id='word_1_66' title='bbox 938 1181 1062 1274; x_wconf 87' lang='lat' dir='ltr'>ibidem</span> <span class='ocrx_word' id='word_1_67' title='bbox 1074 1207 1083 1262; x_wconf 89' lang='lat'>;</span> <span class='ocrx_word' id='word_1_68' title='bbox 1112 1183 1197 1246; x_wconf 90' lang='lat' dir='ltr'>nulli</span> <span class='ocrx_word' id='word_1_69' title='bbox 1226 1204 1311 1268; x_wconf 86' lang='lat' dir='ltr'>prae·</span> 
     </span>
     <span class='ocr_line' id='line_1_10' title="bbox 259 1282 1312 1369; baseline -0.001 -20"><span class='ocrx_word' id='word_1_70' title='bbox 259 1284 376 1350; x_wconf 84' lang='lat' dir='ltr'>bendae</span> <span class='ocrx_word' id='word_1_71' title='bbox 399 1283 453 1348; x_wconf 88' lang='lat' dir='ltr'>vel</span> <span class='ocrx_word' id='word_1_72' title='bbox 476 1283 700 1369; x_wconf 77' lang='lat' dir='ltr'>praebendario</span> <span class='ocrx_word' id='word_1_73' title='bbox 730 1282 767 1346; x_wconf 92' lang='lat' dir='ltr'>in</span> <span class='ocrx_word' id='word_1_74' title='bbox 797 1284 957 1368; x_wconf 84' lang='lat' dir='ltr'>praedicta</span> <span class='ocrx_word' id='word_1_75' title='bbox 987 1283 1121 1350; x_wconf 88' lang='grc'><strong>66616616</strong></span> <span class='ocrx_word' id='word_1_76' title='bbox 1151 1285 1312 1350; x_wconf 85' lang='grc'><strong>16616666</strong></span> 
     </span>
     <span class='ocr_line' id='line_1_11' title="bbox 260 1383 1313 1473; baseline -0.002 -21"><span class='ocrx_word' id='word_1_77' title='bbox 260 1385 458 1473; x_wconf 87' lang='lat' dir='ltr'>assignatis;</span> <span class='ocrx_word' id='word_1_78' title='bbox 493 1385 623 1450; x_wconf 90' lang='lat' dir='ltr'>etiamsi</span> <span class='ocrx_word' id='word_1_79' title='bbox 653 1384 757 1470; x_wconf 86' lang='lat' dir='ltr'>major</span> <span class='ocrx_word' id='word_1_80' title='bbox 779 1383 881 1449; x_wconf 88' lang='lat' dir='ltr'>fuerit</span> <span class='ocrx_word' id='word_1_81' title='bbox 911 1405 1061 1450; x_wconf 90' lang='lat' dir='ltr'>acrarum</span> <span class='ocrx_word' id='word_1_82' title='bbox 1089 1406 1246 1451; x_wconf 88' lang='lat' dir='ltr'>numerus</span> <span class='ocrx_word' id='word_1_83' title='bbox 1276 1387 1313 1450; x_wconf 90' lang='lat' dir='ltr'>in</span> 
     </span>
     <span class='ocr_line' id='line_1_12' title="bbox 261 1487 1402 1573; baseline -0.002 -21"><span class='ocrx_word' id='word_1_84' title='bbox 261 1489 339 1554; x_wconf 91' lang='lat' dir='ltr'>locis</span> <span class='ocrx_word' id='word_1_85' title='bbox 371 1487 547 1573; x_wconf 88' lang='grc'><strong>6666116116,</strong></span> <span class='ocrx_word' id='word_1_86' title='bbox 577 1492 637 1552; x_wconf 90' lang='grc'>661</span> <span class='ocrx_word' id='word_1_87' title='bbox 663 1487 759 1572; x_wconf 90' lang='grc'><strong>61666</strong></span> <span class='ocrx_word' id='word_1_88' title='bbox 788 1487 916 1551; x_wconf 77' lang='grc'><strong>1666161</strong></span> <span class='ocrx_word' id='word_1_89' title='bbox 946 1487 1081 1552; x_wconf 89' lang='lat' dir='ltr'>novalia</span> <span class='ocrx_word' id='word_1_90' title='bbox 1103 1489 1157 1552; x_wconf 88' lang='lat' dir='ltr'>vel</span> <span class='ocrx_word' id='word_1_91' title='bbox 1187 1493 1313 1554; x_wconf 88' lang='lat' dir='ltr'>assarta</span> <span class='ocrx_word' id='word_1_92' title='bbox 1398 1543 1402 1550; x_wconf 92' lang='lat'><em>.</em></span> 
     </span>
     <span class='ocr_line' id='line_1_13' title="bbox 261 1588 1313 1676; baseline 0 -22"><span class='ocrx_word' id='word_1_93' title='bbox 261 1591 350 1654; x_wconf 88' lang='lat' dir='ltr'>infra</span> <span class='ocrx_word' id='word_1_94' title='bbox 372 1590 496 1655; x_wconf 88' lang='lat' dir='ltr'>dictam</span> <span class='ocrx_word' id='word_1_95' title='bbox 511 1588 708 1675; x_wconf 87' lang='lat' dir='ltr'>parochiam,</span> <span class='ocrx_word' id='word_1_96' title='bbox 724 1589 765 1653; x_wconf 91' lang='lat' dir='ltr'>de</span> <span class='ocrx_word' id='word_1_97' title='bbox 787 1589 955 1674; x_wconf 76' lang='lat' dir='ltr'>praedictis</span> <span class='ocrx_word' id='word_1_98' title='bbox 977 1590 1190 1674; x_wconf 90' lang='lat' dir='ltr'>temporibus,</span> <span class='ocrx_word' id='word_1_99' title='bbox 1213 1612 1313 1676; x_wconf 89' lang='lat' dir='ltr'>quam</span> 
     </span>
     <span class='ocr_line' id='line_1_14' title="bbox 262 1688 1313 1777; baseline -0.002 -19"><span class='ocrx_word' id='word_1_100' title='bbox 262 1691 410 1777; x_wconf 87' lang='lat' dir='ltr'>superius</span> <span class='ocrx_word' id='word_1_101' title='bbox 445 1696 495 1755; x_wconf 91' lang='grc'>661</span> <span class='ocrx_word' id='word_1_102' title='bbox 533 1711 721 1776; x_wconf 83' lang='lat' dir='ltr'>expressum</span> <span class='ocrx_word' id='word_1_103' title='bbox 733 1714 741 1770; x_wconf 90' lang='lat'>;</span> <span class='ocrx_word' id='word_1_104' title='bbox 764 1689 878 1756; x_wconf 87' lang='lat' dir='ltr'>habito</span> <span class='ocrx_word' id='word_1_105' title='bbox 912 1688 1064 1777; x_wconf 77' lang='lat' dir='ltr'>diligenti</span> <span class='ocrx_word' id='word_1_106' title='bbox 1104 1696 1139 1756; x_wconf 89' lang='grc'>61</span> <span class='ocrx_word' id='word_1_107' title='bbox 1176 1692 1313 1756; x_wconf 83' lang='lat' dir='ltr'>solemni</span> 
     </span>
     <span class='ocr_line' id='line_1_15' title="bbox 261 1791 1314 1878; baseline 0 -20"><span class='ocrx_word' id='word_1_108' title='bbox 261 1797 409 1858; x_wconf 87' lang='lat' dir='ltr'>tractatu</span> <span class='ocrx_word' id='word_1_109' title='bbox 432 1792 616 1878; x_wconf 88' lang='lat' dir='ltr'>superbiis</span> <span class='ocrx_word' id='word_1_110' title='bbox 639 1813 714 1858; x_wconf 90' lang='lat' dir='ltr'>cum</span> <span class='ocrx_word' id='word_1_111' title='bbox 736 1792 882 1876; x_wconf 89' lang='lat' dir='ltr'>capitulo</span> <span class='ocrx_word' id='word_1_112' title='bbox 904 1798 1025 1859; x_wconf 87' lang='lat' dir='ltr'>nostrae</span> <span class='ocrx_word' id='word_1_113' title='bbox 1048 1791 1189 1859; x_wconf 85' lang='lat' dir='ltr'>eeclesiae</span> <span class='ocrx_word' id='word_1_114' title='bbox 1219 1794 1314 1858; x_wconf 89' lang='lat' dir='ltr'>Don-</span> 
     </span>
     <span class='ocr_line' id='line_1_16' title="bbox 264 1893 1313 1980; baseline -0.001 -18"><span class='ocrx_word' id='word_1_115' title='bbox 264 1896 427 1972; x_wconf 89' lang='lat' dir='ltr'>olmensis,</span> <span class='ocrx_word' id='word_1_116' title='bbox 450 1915 488 1960; x_wconf 88' lang='lat' dir='ltr'>ac</span> <span class='ocrx_word' id='word_1_117' title='bbox 518 1894 593 1959; x_wconf 90' lang='lat' dir='ltr'>aliis</span> <span class='ocrx_word' id='word_1_118' title='bbox 623 1914 762 1979; x_wconf 90' lang='lat' dir='ltr'>quorum</span> <span class='ocrx_word' id='word_1_119' title='bbox 801 1893 948 1972; x_wconf 87' lang='lat' dir='ltr'>interest,</span> <span class='ocrx_word' id='word_1_120' title='bbox 978 1895 1313 1980; x_wconf 72' lang='lat' dir='ltr'>concurrentibusque</span> 
     </span>
     <span class='ocr_line' id='line_1_17' title="bbox 262 1994 1314 2082; baseline -0.001 -19"><span class='ocrx_word' id='word_1_121' title='bbox 262 1997 415 2063; x_wconf 90' lang='lat' dir='ltr'>omnibus</span> <span class='ocrx_word' id='word_1_122' title='bbox 430 2005 463 2060; x_wconf 91' lang='grc'>61</span> <span class='ocrx_word' id='word_1_123' title='bbox 478 1995 617 2082; x_wconf 87' lang='lat' dir='ltr'>singulis</span> <span class='ocrx_word' id='word_1_124' title='bbox 633 1994 691 2080; x_wconf 90' lang='lat' dir='ltr'>qui</span> <span class='ocrx_word' id='word_1_125' title='bbox 713 1995 749 2058; x_wconf 93' lang='lat' dir='ltr'>in</span> <span class='ocrx_word' id='word_1_126' title='bbox 761 2015 836 2060; x_wconf 84' lang='grc'><strong>6666</strong></span> <span class='ocrx_word' id='word_1_127' title='bbox 860 1994 1048 2080; x_wconf 89' lang='lat' dir='ltr'>hujusmodi</span> <span class='ocrx_word' id='word_1_128' title='bbox 1069 1997 1314 2082; x_wconf 74' lang='lat' dir='ltr'>quomodolibet</span> 
     </span>
     <span class='ocr_line' id='line_1_18' title="bbox 262 2095 1313 2186; baseline 0 -22"><span class='ocrx_word' id='word_1_129' title='bbox 262 2099 484 2186; x_wconf 88' lang='lat' dir='ltr'>requiruntur,</span> <span class='ocrx_word' id='word_1_130' title='bbox 498 2117 601 2161; x_wconf 91' lang='lat' dir='ltr'>unam</span> <span class='ocrx_word' id='word_1_131' title='bbox 616 2096 652 2160; x_wconf 90' lang='lat' dir='ltr'>in</span> <span class='ocrx_word' id='word_1_132' title='bbox 668 2096 758 2161; x_wconf 88' lang='lat' dir='ltr'>diota</span> <span class='ocrx_word' id='word_1_133' title='bbox 772 2095 907 2163; x_wconf 87' lang='lat' dir='ltr'>eeclesia</span> <span class='ocrx_word' id='word_1_134' title='bbox 921 2097 1131 2185; x_wconf 88' lang='lat' dir='ltr'>praebendam</span> <span class='ocrx_word' id='word_1_135' title='bbox 1147 2099 1313 2186; x_wconf 90' lang='lat' dir='ltr'>erigimus,</span> 
     </span>
    </p>

    <p class='ocr_par' dir='ltr' id='par_1_3' title="bbox 260 2196 1315 3510">
     <span class='ocr_line' id='line_1_19' title="bbox 263 2196 1314 2288; baseline 0.001 -22"><span class='ocrx_word' id='word_1_136' title='bbox 263 2207 298 2266; x_wconf 90' lang='grc'>61</span> <span class='ocrx_word' id='word_1_137' title='bbox 332 2201 432 2266; x_wconf 90' lang='lat' dir='ltr'>etiam</span> <span class='ocrx_word' id='word_1_138' title='bbox 463 2198 662 2278; x_wconf 88' lang='lat' dir='ltr'>ordinamus,</span> <span class='ocrx_word' id='word_1_139' title='bbox 685 2221 784 2284; x_wconf 92' lang='lat' dir='ltr'>quam</span> <span class='ocrx_word' id='word_1_140' title='bbox 816 2196 1128 2285; x_wconf 68' lang='lat' dir='ltr'>quartamdecimam</span> <span class='ocrx_word' id='word_1_141' title='bbox 1166 2202 1314 2288; x_wconf 88' lang='lat' dir='ltr'>praeben-</span> 
     </span>
     <span class='ocr_line' id='line_1_20' title="bbox 263 2301 1313 2389; baseline 0 -21"><span class='ocrx_word' id='word_1_142' title='bbox 263 2305 339 2368; x_wconf 89' lang='lat' dir='ltr'>dam</span> <span class='ocrx_word' id='word_1_143' title='bbox 376 2301 586 2367; x_wconf 89' lang='lat' dir='ltr'>nominamus</span> <span class='ocrx_word' id='word_1_144' title='bbox 621 2307 656 2366; x_wconf 92' lang='lat' dir='ltr'>et</span> <span class='ocrx_word' id='word_1_145' title='bbox 689 2302 839 2382; x_wconf 88' lang='lat' dir='ltr'>dicimus,</span> <span class='ocrx_word' id='word_1_146' title='bbox 871 2301 1040 2388; x_wconf 89' lang='lat' dir='ltr'>ipsamque</span> <span class='ocrx_word' id='word_1_147' title='bbox 1074 2303 1242 2389; x_wconf 90' lang='lat' dir='ltr'>Hospitali</span> <span class='ocrx_word' id='word_1_148' title='bbox 1272 2302 1313 2368; x_wconf 90' lang='lat' dir='ltr'>de</span> 
     </span>
     <span class='ocr_line' id='line_1_21' title="bbox 262 2403 1314 2492; baseline -0.002 -21"><span class='ocrx_word' id='word_1_149' title='bbox 262 2406 392 2492; x_wconf 86' lang='lat' dir='ltr'>Kypier</span> <span class='ocrx_word' id='word_1_150' title='bbox 413 2404 580 2492; x_wconf 86' lang='lat' dir='ltr'>praedicto,</span> <span class='ocrx_word' id='word_1_151' title='bbox 613 2425 656 2468; x_wconf 82' lang='lat' dir='ltr'>ex</span> <span class='ocrx_word' id='word_1_152' title='bbox 688 2403 793 2468; x_wconf 86' lang='grc'><strong>666616</strong></span> <span class='ocrx_word' id='word_1_153' title='bbox 827 2403 1012 2489; x_wconf 69' lang='lat' dir='ltr'>praemissis</span> <span class='ocrx_word' id='word_1_154' title='bbox 1036 2405 1242 2470; x_wconf 80' lang='lat' dir='ltr'>annectimus</span> <span class='ocrx_word' id='word_1_155' title='bbox 1280 2411 1314 2469; x_wconf 92' lang='lat' dir='ltr'>et</span> 
     </span>
     <span class='ocr_line' id='line_1_22' title="bbox 261 2505 1313 2596; baseline -0.003 -21"><span class='ocrx_word' id='word_1_156' title='bbox 261 2508 519 2596; x_wconf 89' lang='lat' dir='ltr'>appropriamus,</span> <span class='ocrx_word' id='word_1_157' title='bbox 535 2527 574 2572; x_wconf 91' lang='lat' dir='ltr'>ao</span> <span class='ocrx_word' id='word_1_158' title='bbox 588 2506 626 2569; x_wconf 89' lang='lat' dir='ltr'>in</span> <span class='ocrx_word' id='word_1_159' title='bbox 648 2509 843 2592; x_wconf 90' lang='lat' dir='ltr'>perpetuum</span> <span class='ocrx_word' id='word_1_160' title='bbox 866 2505 1091 2592; x_wconf 83' lang='lat' dir='ltr'>assignamus;</span> <span class='ocrx_word' id='word_1_161' title='bbox 1129 2512 1313 2574; x_wconf 78' lang='lat' dir='ltr'>statuentes</span> 
     </span>
     <span class='ocr_line' id='line_1_23' title="bbox 263 2606 1313 2697; baseline -0.001 -22"><span class='ocrx_word' id='word_1_162' title='bbox 263 2610 351 2697; x_wconf 92' lang='lat' dir='ltr'>quod</span> <span class='ocrx_word' id='word_1_163' title='bbox 376 2608 531 2696; x_wconf 84' lang='lat' dir='ltr'>magistri</span> <span class='ocrx_word' id='word_1_164' title='bbox 550 2607 632 2673; x_wconf 92' lang='lat' dir='ltr'>dicti</span> <span class='ocrx_word' id='word_1_165' title='bbox 653 2606 835 2693; x_wconf 86' lang='lat' dir='ltr'>hospitalis,</span> <span class='ocrx_word' id='word_1_166' title='bbox 858 2607 916 2692; x_wconf 89' lang='lat' dir='ltr'>qui</span> <span class='ocrx_word' id='word_1_167' title='bbox 931 2628 989 2693; x_wconf 92' lang='grc'>666</span> <span class='ocrx_word' id='word_1_168' title='bbox 1012 2611 1157 2694; x_wconf 89' lang='lat' dir='ltr'>tempore</span> <span class='ocrx_word' id='word_1_169' title='bbox 1180 2609 1313 2687; x_wconf 88' lang='lat' dir='ltr'>fuerint,</span> 
     </span>
     <span class='ocr_line' id='line_1_24' title="bbox 261 2706 1314 2796; baseline -0.002 -18"><span class='ocrx_word' id='word_1_170' title='bbox 261 2713 395 2778; x_wconf 89' lang='lat' dir='ltr'>stallum</span> <span class='ocrx_word' id='word_1_171' title='bbox 424 2711 460 2774; x_wconf 91' lang='lat' dir='ltr'>in</span> <span class='ocrx_word' id='word_1_172' title='bbox 482 2709 580 2776; x_wconf 89' lang='lat' dir='ltr'>choro</span> <span class='ocrx_word' id='word_1_173' title='bbox 610 2716 644 2774; x_wconf 89' lang='grc'>61</span> <span class='ocrx_word' id='word_1_174' title='bbox 666 2713 784 2774; x_wconf 80' lang='grc'><strong>6661666</strong></span> <span class='ocrx_word' id='word_1_175' title='bbox 807 2707 927 2772; x_wconf 72' lang='lat' dir='ltr'>smila</span> <span class='ocrx_word' id='word_1_176' title='bbox 952 2706 1037 2793; x_wconf 87' lang='lat' dir='ltr'>jura,</span> <span class='ocrx_word' id='word_1_177' title='bbox 1062 2729 1136 2794; x_wconf 87' lang='lat' dir='ltr'>quae</span> <span class='ocrx_word' id='word_1_178' title='bbox 1166 2712 1314 2796; x_wconf 86' lang='lat' dir='ltr'>praeben-</span> 
     </span>
     <span class='ocr_line' id='line_1_25' title="bbox 263 2809 1312 2895; baseline -0.004 -15"><span class='ocrx_word' id='word_1_179' title='bbox 263 2815 347 2880; x_wconf 88' lang='lat' dir='ltr'>darii</span> <span class='ocrx_word' id='word_1_180' title='bbox 362 2813 451 2876; x_wconf 87' lang='lat' dir='ltr'>illius</span> <span class='ocrx_word' id='word_1_181' title='bbox 474 2811 627 2887; x_wconf 87' lang='lat' dir='ltr'>ecclesiae,</span> <span class='ocrx_word' id='word_1_182' title='bbox 649 2809 777 2875; x_wconf 89' lang='lat' dir='ltr'>ratione</span> <span class='ocrx_word' id='word_1_183' title='bbox 791 2809 1041 2895; x_wconf 84' lang='lat' dir='ltr'>praebendarum</span> <span class='ocrx_word' id='word_1_184' title='bbox 1063 2813 1312 2888; x_wconf 73' lang='grc'><strong>6666666111-</strong></span> 
     </span>
     <span class='ocr_line' id='line_1_26' title="bbox 261 2911 1313 2992; baseline -0.002 -12"><span class='ocrx_word' id='word_1_185' title='bbox 261 2915 403 2992; x_wconf 83' lang='grc'><strong>6661,16</strong></span> <span class='ocrx_word' id='word_1_186' title='bbox 425 2912 726 2980; x_wconf 85' lang='grc'><strong>666166161616661</strong></span> <span class='ocrx_word' id='word_1_187' title='bbox 748 2916 935 2976; x_wconf 90' lang='lat' dir='ltr'>memorata.</span> <span class='ocrx_word' id='word_1_188' title='bbox 975 2911 1039 2976; x_wconf 78' lang='lat' dir='ltr'>Sed</span> <span class='ocrx_word' id='word_1_189' title='bbox 1062 2917 1102 2976; x_wconf 89' lang='grc'>61</span> <span class='ocrx_word' id='word_1_190' title='bbox 1117 2934 1160 2977; x_wconf 84' lang='lat' dir='ltr'>ex</span> <span class='ocrx_word' id='word_1_191' title='bbox 1182 2913 1313 2978; x_wconf 92' lang='lat' dir='ltr'>honoris</span> 
     </span>
     <span class='ocr_line' id='line_1_27' title="bbox 261 3011 1314 3103; baseline -0.002 -21"><span class='ocrx_word' id='word_1_192' title='bbox 261 3016 450 3103; x_wconf 88' lang='lat' dir='ltr'>hujusmodi</span> <span class='ocrx_word' id='word_1_193' title='bbox 483 3015 684 3081; x_wconf 86' lang='lat' dir='ltr'>incremento</span> <span class='ocrx_word' id='word_1_194' title='bbox 714 3012 865 3098; x_wconf 78' lang='lat' dir='ltr'>magistri</span> <span class='ocrx_word' id='word_1_195' title='bbox 896 3011 1068 3098; x_wconf 87' lang='lat' dir='ltr'>hospitalis</span> <span class='ocrx_word' id='word_1_196' title='bbox 1098 3015 1248 3100; x_wconf 85' lang='lat' dir='ltr'>praedicti</span> <span class='ocrx_word' id='word_1_197' title='bbox 1278 3017 1314 3080; x_wconf 88' lang='lat' dir='ltr'>in</span> 
     </span>
     <span class='ocr_line' id='line_1_28' title="bbox 261 3114 1315 3204; baseline -0.003 -19"><span class='ocrx_word' id='word_1_198' title='bbox 261 3120 372 3204; x_wconf 92' lang='lat' dir='ltr'>aliquo</span> <span class='ocrx_word' id='word_1_199' title='bbox 406 3123 590 3195; x_wconf 90' lang='lat' dir='ltr'>onerentur,</span> <span class='ocrx_word' id='word_1_200' title='bbox 626 3116 787 3192; x_wconf 84' lang='lat' dir='ltr'>volumus,</span> <span class='ocrx_word' id='word_1_201' title='bbox 810 3118 844 3180; x_wconf 91' lang='lat' dir='ltr'>et</span> <span class='ocrx_word' id='word_1_202' title='bbox 874 3114 974 3180; x_wconf 90' lang='lat' dir='ltr'>etiam</span> <span class='ocrx_word' id='word_1_203' title='bbox 1005 3115 1202 3198; x_wconf 75' lang='lat' dir='ltr'>ordinamur,</span> <span class='ocrx_word' id='word_1_204' title='bbox 1226 3118 1315 3203; x_wconf 91' lang='lat' dir='ltr'>quod</span> 
     </span>
     <span class='ocr_line' id='line_1_29' title="bbox 261 3216 1312 3308; baseline -0.001 -22"><span class='ocrx_word' id='word_1_205' title='bbox 261 3221 362 3286; x_wconf 91' lang='lat' dir='ltr'>iidem</span> <span class='ocrx_word' id='word_1_206' title='bbox 385 3218 536 3308; x_wconf 82' lang='lat' dir='ltr'>magistri</span> <span class='ocrx_word' id='word_1_207' title='bbox 558 3239 662 3283; x_wconf 90' lang='lat' dir='ltr'>unum</span> <span class='ocrx_word' id='word_1_208' title='bbox 685 3216 921 3282; x_wconf 82' lang='lat' dir='ltr'>subdiaconum</span> <span class='ocrx_word' id='word_1_209' title='bbox 945 3216 981 3279; x_wconf 92' lang='lat' dir='ltr'>in</span> <span class='ocrx_word' id='word_1_210' title='bbox 1004 3217 1093 3284; x_wconf 87' lang='lat' dir='ltr'>dicta</span> <span class='ocrx_word' id='word_1_211' title='bbox 1115 3218 1250 3286; x_wconf 88' lang='grc'><strong>66616616</strong></span> <span class='ocrx_word' id='word_1_212' title='bbox 1272 3221 1312 3286; x_wconf 90' lang='grc'>(16</span> 
     </span>
     <span class='ocr_line' id='line_1_30' title="bbox 260 3319 1312 3405; baseline -0.001 -16"><span class='ocrx_word' id='word_1_213' title='bbox 260 3323 446 3390; x_wconf 87' lang='lat' dir='ltr'>Aukelaud&#39;</span> <span class='ocrx_word' id='word_1_214' title='bbox 470 3320 728 3397; x_wconf 75' lang='lat' dir='ltr'>invenientem</span> <span class='ocrx_word' id='word_1_215' title='bbox 751 3319 891 3405; x_wconf 88' lang='lat' dir='ltr'>triginta</span> <span class='ocrx_word' id='word_1_216' title='bbox 913 3319 1032 3384; x_wconf 86' lang='lat' dir='ltr'>solidos</span> <span class='ocrx_word' id='word_1_217' title='bbox 1054 3321 1138 3385; x_wconf 89' lang='lat' dir='ltr'>solvi</span> <span class='ocrx_word' id='word_1_218' title='bbox 1161 3322 1312 3388; x_wconf 84' lang='lat' dir='ltr'>volumus</span> 
     </span>
     <span class='ocr_line' id='line_1_31' title="bbox 260 3420 1311 3510; baseline -0.003 -17"><span class='ocrx_word' id='word_1_219' title='bbox 260 3425 441 3500; x_wconf 89' lang='lat' dir='ltr'>annuatim,</span> <span class='ocrx_word' id='word_1_220' title='bbox 464 3427 500 3488; x_wconf 90' lang='lat' dir='ltr'>et</span> <span class='ocrx_word' id='word_1_221' title='bbox 528 3423 609 3486; x_wconf 87' lang='grc'><strong>1666</strong></span> <span class='ocrx_word' id='word_1_222' title='bbox 645 3420 827 3506; x_wconf 80' lang='lat' dir='ltr'>capellanos</span> <span class='ocrx_word' id='word_1_223' title='bbox 857 3420 894 3484; x_wconf 93' lang='lat' dir='ltr'>in</span> <span class='ocrx_word' id='word_1_224' title='bbox 923 3420 1079 3506; x_wconf 83' lang='lat' dir='ltr'>hospitali</span> <span class='ocrx_word' id='word_1_225' title='bbox 1110 3423 1151 3488; x_wconf 91' lang='grc'>16</span> <span class='ocrx_word' id='word_1_226' title='bbox 1174 3423 1311 3510; x_wconf 86' lang='lat' dir='ltr'>Kypier,</span> 
     </span>
    </p>

    <p class='ocr_par' dir='ltr' id='par_1_4' title="bbox 193 3521 1438 4227">
     <span class='ocr_line' id='line_1_32' title="bbox 193 3521 1311 3611; baseline 0 -20"><span class='ocrx_word' id='word_1_227' title='bbox 193 3575 197 3582; x_wconf 79' lang='grc'><em>.</em></span> <span class='ocrx_word' id='word_1_228' title='bbox 259 3529 348 3594; x_wconf 86' lang='lat' dir='ltr'>ultra</span> <span class='ocrx_word' id='word_1_229' title='bbox 384 3546 557 3591; x_wconf 91' lang='lat' dir='ltr'>numerum</span> <span class='ocrx_word' id='word_1_230' title='bbox 594 3543 682 3588; x_wconf 88' lang='lat' dir='ltr'>nune</span> <span class='ocrx_word' id='word_1_231' title='bbox 704 3521 902 3586; x_wconf 85' lang='lat' dir='ltr'>existentem</span> <span class='ocrx_word' id='word_1_232' title='bbox 946 3522 1079 3599; x_wconf 88' lang='lat' dir='ltr'>ibidem,</span> <span class='ocrx_word' id='word_1_233' title='bbox 1116 3545 1175 3611; x_wconf 89' lang='lat' dir='ltr'>pro</span> <span class='ocrx_word' id='word_1_234' title='bbox 1208 3527 1311 3605; x_wconf 89' lang='lat' dir='ltr'>nobis,</span> 
     </span>
     <span class='ocr_line' id='line_1_33' title="bbox 260 3623 1314 3718; baseline -0.005 -22"><span class='ocrx_word' id='word_1_235' title='bbox 260 3626 549 3718; x_wconf 81' lang='lat' dir='ltr'>praedecessoribus</span> <span class='ocrx_word' id='word_1_236' title='bbox 578 3647 616 3691; x_wconf 91' lang='lat' dir='ltr'>ac</span> <span class='ocrx_word' id='word_1_237' title='bbox 639 3623 875 3690; x_wconf 88' lang='lat' dir='ltr'>successoribus</span> <span class='ocrx_word' id='word_1_238' title='bbox 899 3625 1028 3702; x_wconf 86' lang='lat' dir='ltr'>nostris,</span> <span class='ocrx_word' id='word_1_239' title='bbox 1051 3624 1251 3693; x_wconf 86' lang='lat' dir='ltr'>celebrantes</span> <span class='ocrx_word' id='word_1_240' title='bbox 1277 3629 1314 3692; x_wconf 90' lang='lat' dir='ltr'>in</span> 
     </span>
     <span class='ocr_line' id='line_1_34' title="bbox 261 3727 1312 3816; baseline -0.005 -18"><span class='ocrx_word' id='word_1_241' title='bbox 261 3733 374 3799; x_wconf 88' lang='lat' dir='ltr'>eodem</span> <span class='ocrx_word' id='word_1_242' title='bbox 386 3756 394 3812; x_wconf 93' lang='lat'>;</span> <span class='ocrx_word' id='word_1_243' title='bbox 416 3732 466 3797; x_wconf 87' lang='lat' dir='ltr'>ita</span> <span class='ocrx_word' id='word_1_244' title='bbox 488 3729 586 3816; x_wconf 91' lang='lat' dir='ltr'>quod,</span> <span class='ocrx_word' id='word_1_245' title='bbox 609 3730 842 3794; x_wconf 88' lang='lat' dir='ltr'>connumerato</span> <span class='ocrx_word' id='word_1_246' title='bbox 872 3727 1038 3812; x_wconf 78' lang='lat' dir='ltr'>magistro,</span> <span class='ocrx_word' id='word_1_247' title='bbox 1062 3732 1135 3793; x_wconf 91' lang='lat' dir='ltr'>octo</span> <span class='ocrx_word' id='word_1_248' title='bbox 1167 3729 1235 3794; x_wconf 91' lang='lat' dir='ltr'>sint</span> <span class='ocrx_word' id='word_1_249' title='bbox 1264 3731 1312 3793; x_wconf 89' lang='lat' dir='ltr'>ibi</span> 
     </span>
     <span class='ocr_line' id='line_1_35' title="bbox 260 3827 1313 3916; baseline -0.005 -14"><span class='ocrx_word' id='word_1_250' title='bbox 260 3835 415 3902; x_wconf 89' lang='lat' dir='ltr'>continue</span> <span class='ocrx_word' id='word_1_251' title='bbox 437 3831 641 3910; x_wconf 54' lang='lat' dir='ltr'>sacerdotem</span> <span class='ocrx_word' id='word_1_252' title='bbox 658 3833 692 3895; x_wconf 92' lang='lat' dir='ltr'>et</span> <span class='ocrx_word' id='word_1_253' title='bbox 714 3827 875 3915; x_wconf 89' lang='lat' dir='ltr'>recipiant</span> <span class='ocrx_word' id='word_1_254' title='bbox 890 3828 1001 3894; x_wconf 88' lang='lat' dir='ltr'>decem</span> <span class='ocrx_word' id='word_1_255' title='bbox 1016 3851 1175 3916; x_wconf 84' lang='lat' dir='ltr'>pauperes</span> <span class='ocrx_word' id='word_1_256' title='bbox 1197 3832 1313 3897; x_wconf 89' lang='lat' dir='ltr'>diebus</span> 
     </span>
     <span class='ocr_line' id='line_1_36' title="bbox 260 3929 1313 4024; baseline -0.002 -22"><span class='ocrx_word' id='word_1_257' title='bbox 260 3937 398 4024; x_wconf 85' lang='lat' dir='ltr'>siugulis</span> <span class='ocrx_word' id='word_1_258' title='bbox 429 3931 643 4020; x_wconf 86' lang='lat' dir='ltr'>inhospitali</span> <span class='ocrx_word' id='word_1_259' title='bbox 669 3930 826 4017; x_wconf 84' lang='lat' dir='ltr'>praedicto</span> <span class='ocrx_word' id='word_1_260' title='bbox 848 3929 937 3996; x_wconf 82' lang='grc'><strong>((1166</strong></span> <span class='ocrx_word' id='word_1_261' title='bbox 966 3930 1099 3996; x_wconf 87' lang='lat' dir='ltr'>solitum</span> <span class='ocrx_word' id='word_1_262' title='bbox 1131 3953 1313 4012; x_wconf 90' lang='lat' dir='ltr'>numerum,</span> 
     </span>
     <span class='ocr_line' id='line_1_37' title="bbox 259 4032 1438 4120; baseline -0.003 -14"><span class='ocrx_word' id='word_1_263' title='bbox 259 4041 296 4106; x_wconf 94' lang='lat' dir='ltr'>in</span> <span class='ocrx_word' id='word_1_264' title='bbox 319 4035 606 4105; x_wconf 86' lang='lat' dir='ltr'>distributionibus</span> <span class='ocrx_word' id='word_1_265' title='bbox 638 4032 832 4120; x_wconf 88' lang='lat' dir='ltr'>vespertinis</span> <span class='ocrx_word' id='word_1_266' title='bbox 844 4056 852 4111; x_wconf 94' lang='lat'>;</span> <span class='ocrx_word' id='word_1_267' title='bbox 881 4038 916 4096; x_wconf 93' lang='lat' dir='ltr'>et</span> <span class='ocrx_word' id='word_1_268' title='bbox 948 4033 1207 4100; x_wconf 83' lang='lat' dir='ltr'>anniversarium</span> <span class='ocrx_word' id='word_1_269' title='bbox 1239 4059 1312 4102; x_wconf 88' lang='lat' dir='ltr'>nos·</span> <span class='ocrx_word' id='word_1_270' title='bbox 1435 4044 1438 4050; x_wconf 87' lang='lat'>&#39;</span> 
     </span>
     <span class='ocr_line' id='line_1_38' title="bbox 259 4135 1312 4227; baseline -0.005 -17"><span class='ocrx_word' id='word_1_271' title='bbox 259 4150 350 4209; x_wconf 90' lang='lat' dir='ltr'>trum</span> <span class='ocrx_word' id='word_1_272' title='bbox 372 4140 468 4208; x_wconf 88' lang='lat' dir='ltr'>annis</span> <span class='ocrx_word' id='word_1_273' title='bbox 489 4138 627 4224; x_wconf 90' lang='lat' dir='ltr'>singulis</span> <span class='ocrx_word' id='word_1_274' title='bbox 642 4135 812 4216; x_wconf 88' lang='lat' dir='ltr'>celebrent,</span> <span class='ocrx_word' id='word_1_275' title='bbox 828 4135 864 4198; x_wconf 93' lang='lat' dir='ltr'>in</span> <span class='ocrx_word' id='word_1_276' title='bbox 880 4156 945 4219; x_wconf 91' lang='lat' dir='ltr'>quo</span> <span class='ocrx_word' id='word_1_277' title='bbox 960 4135 1132 4204; x_wconf 89' lang='lat' dir='ltr'>tresdecim</span> <span class='ocrx_word' id='word_1_278' title='bbox 1155 4161 1312 4227; x_wconf 88' lang='lat' dir='ltr'>pauperes</span> 
     </span>
    </p>
   </div>
   <div class='ocr_carea' id='block_1_3' title="bbox 0 0 1682 5701">
    <p class='ocr_par' dir='ltr' id='par_1_5' title="bbox 0 0 1682 5701">
     <span class='ocr_line' id='line_1_39' title="bbox 0 0 1682 5701; baseline 0 0"><span class='ocrx_word' id='word_1_279' title='bbox 0 0 1682 5701; x_wconf 95' lang='lat' dir='ltr'> </span> 
     </span>
    </p>
   </div>
  </div>
 </body>
</html>
