3538 5712
405 785 493 848 1080
582 797 783 848 naumurum
804 797 1008 848 rsunrmuu
1030 797 1275 848 murmurosus.

254 997 377 1044 nonus
406 975 623 1044 Dunolmensi
660 980 818 1067 episeopo,
854 979 1002 1047 salutum
1048 977 1137 1058 Quia
1173 978 1305 1044 diverso.
1341 975 1454 1042 debite
1468 983 1627 1038 Mem

407 1077 571 1144 debentur
591 1080 687 1145 nobis
710 1104 730 1146 e
751 1081 891 1148 diversis
914 1080 1000 1146 infra
1032 1079 1221 1146 libertatem
1243 1077 1450 1166 episcopatus

407 1180 567 1264 praedicti,
590 1181 631 1246 de
654 1187 801 1269 tempore
823 1204 888 1269 quo
911 1181 1105 1268 temporuiie
1134 1181 1216 1246 dicti
1249 1180 1454 1267 episcopatus

407 1279 544 1346 fuerunt
577 1281 613 1346 in
648 1305 747 1349 manu
782 1289 903 1362 nostra,
925 1304 992 1370 per
1005 1287 1146 1348 mortem
1167 1282 1319 1362 Antonii,
1348 1301 1455 1367 nuper

409 1382 551 1470 episcopi
586 1383 717 1465 ibidem,
741 1386 827 1452 sicut
858 1385 1023 1452 Robertus
1055 1385 1097 1450 de
1119 1385 1254 1462 Bartcn,
1277 1401 1383 1469 nuper
1405 1403 1454 1446 re·

409 1488 522 1568 ceptor
553 1484 705 1550 exituum
737 1487 941 1574 episcopatus
972 1485 1133 1572 prtedicti,
1156 1485 1252 1550 nobis
1289 1482 1383 1550 dedit
1405 1483 1456 1546 in·

409 1582 535 1669 teliigi;
568 1584 662 1650 vobis
696 1587 898 1669 mundemus,
922 1587 1047 1653 infide
1077 1607 1144 1672 qua
1175 1585 1270 1652 nobis
1291 1583 1458 1660 tenemini,

411 1682 550 1750 firmiter
586 1686 806 1774 injungentes,
829 1688 918 1775 quod
956 1689 1067 1754 omnia
1098 1687 1211 1753 debite
1243 1686 1411 1773 praedicte,
1440 1707 1462 1751 a

411 1784 664 1873 quibuscunque
686 1789 879 1868 debeantur,
901 1790 973 1855 sine
1002 1788 1161 1856 dilatione
1183 1809 1242 1854 seu
1263 1785 1461 1853 difficultate

411 1885 555 1972 aliquali,
566 1887 670 1954 levari
684 1889 823 1972 faciatis,
833 1890 920 1956 siout
934 1891 1024 1956 idem
1039 1890 1205 1956 Robertus
1219 1886 1460 1954 rationabiliter

412 1997 594 2055 monstrare
625 1992 755 2077 poterit,
779 2013 888 2060 eorem
922 1992 1018 2058 vobis
1049 2013 1107 2058 seu
1138 1989 1299 2056 ministris
1332 1987 1460 2065 vestris,

412 2110 552 2174 quorum
567 2091 716 2172 interest,
738 2093 852 2159 debita
874 2093 932 2159 ills
953 2094 1050 2161 nobis
1072 2092 1192 2158 deberi.
1238 2090 1284 2156 Et
1312 2089 1350 2154 in
1370 2089 1459 2156 leve·

411 2189 502 2257 tione
525 2191 713 2258 debitorum
736 2195 967 2281 praedictorum
990 2193 1102 2260 taliter
1117 2215 1176 2259 vos
1197 2192 1359 2270 habeatis,
1374 2191 1461 2277 quod

412 2291 586 2378 diligentie
608 2298 721 2360 vestra
742 2295 779 2360 in
801 2296 861 2362 hac
882 2302 976 2383 parte
997 2301 1112 2383 puteat
1133 2294 1170 2360 in
1192 2294 1335 2372 effectu3
1358 2293 1460 2380 quod·

412 2413 476 2476 que
499 2392 587 2458 idem
610 2395 775 2462 Robertus
797 2397 839 2462 de
860 2397 981 2464 debitis
1003 2395 1171 2484 praedictis
1193 2395 1236 2460 cd
1258 2394 1459 2480 quindenam

413 2491 529 2560 Sancti
553 2494 717 2563 Johennis
748 2498 912 2585 Baptistae
943 2499 1097 2585 proximo
1129 2497 1288 2577 futuram,
1311 2496 1406 2582 plene
1427 2500 1462 2561 et

412 2593 542 2682 integre
556 2598 660 2681 possit
673 2600 889 2685 respondere;
911 2599 1121 2666 attendentes
1143 2598 1314 2685 siquidem,
1330 2597 1461 2684 quodsi

413 2715 472 2758 vos
502 2696 705 2782 negligentes
727 2699 782 2766 vel
804 2700 955 2767 remissos
989 2701 1025 2764 in
1057 2699 1233 2786 praemissis
1261 2697 1463 2784 exequendis

413 2793 633 2876 reddideritis,
665 2801 840 2884 quominus
870 2801 1028 2888 praefatus
1067 2801 1233 2866 Rcbertus
1266 2800 1308 2866 de
1342 2799 1462 2865 debitis

412 2896 578 2980 praedietis
609 2899 652 2964 cd
686 2901 773 2967 diem
807 2903 1001 2990 prredictum
1033 2903 1128 2990 plene
1162 2909 1197 2968 et
1218 2903 1347 2989 integre
1369 2901 1463 2968 nobis

412 2995 519 3080 possit
541 2999 738 3082 satisfecere,
762 3023 823 3068 nos
846 3005 1005 3091 quicquid
1028 3026 1049 3069 a
1062 3010 1151 3070 retro
1166 3004 1269 3070 fuerit
1283 3004 1325 3069 de
1339 3003 1462 3069 debitis

412 3096 588 3181 predictis,
622 3121 681 3186 per
713 3107 862 3168 vestrum
896 3106 1072 3184 defectum,
1103 3106 1144 3170 de
1178 3105 1316 3172 bereum
1349 3110 1461 3170 vestra

413 3197 509 3283 plene
541 3203 575 3264 et
605 3201 734 3290 integre
764 3205 868 3270 levari
890 3206 1057 3274 faciemus.
1102 3207 1148 3273 Et
1177 3207 1260 3293 quid
1281 3207 1359 3273 inde
1380 3205 1463 3272 feee-

413 3298 489 3364 ritis
511 3299 691 3368 baronibus
722 3302 763 3370 de
788 3305 956 3373 Sceccerio
979 3314 1103 3389 nostro,
1125 3308 1215 3394 apud
1238 3307 1460 3373 Westmouae-

414 3401 546 3480 terium,
565 3403 610 3467 ad
631 3403 719 3470 diem
741 3408 944 3492 praedictum
960 3409 1117 3475 distincte
1140 3415 1175 3474 et
1189 3413 1302 3494 operte
1317 3414 1465 3474 constare

414 3499 555 3568 faciatis.
601 3503 646 3569 Et
667 3507 848 3574 remittetis
871 3510 918 3575 ibi
943 3517 1024 3577 tunc
1053 3510 1115 3576 hoo
1136 3510 1244 3576 breve.
1289 3511 1394 3591 Teste,
1417 3509 1453 3575 H

413 3600 454 3666 de
487 3601 671 3684 Staunton’,
701 3608 791 3695 apud
819 3609 1159 3692 westmonasterium,
1182 3610 1264 3699 viijo.
1288 3611 1342 3678 die
1376 3610 1464 3688 Maii,

412 3721 500 3768 enno
522 3705 616 3791 regni
638 3709 744 3775 nostri
767 3715 892 3778 octavo.

245 4013 396 4118 ffifflm
412 4030 495 4083 Breve
516 4039 605 4084 eontra
627 4031 678 4082 Re
757 4019 952 4103 Edwardus,
990 4021 1054 4088 Dei
1083 4025 1200 4110 gratia,
1231 4045 1291 4091 rex
1321 4025 1460 4112 Angue,

245 4113 398 4208 mgr
413 4095 511 4226 332⁰ss
541 4097 678 4226 ,effi
711 4119 864 4187 eominus
892 4121 1074 4202 Hibernis,
1096 4129 1131 4190 oe
1164 4125 1235 4190 eux
1260 4126 1460 4213 Aquitania,

244 4214 381 4308 ffluffi
413 4228 657 4278 eecleeiedelccrc
707 4221 888 4287 venerabili
926 4223 963 4287 in
1000 4224 1132 4291 Christo
1169 4227 1269 4312 patri,
1310 4227 1460 4306 Ricardo,

245 4309 346 4356 “M
414 4318 529 4385 eadem
543 4319 661 4407 gretie,
686 4319 902 4389 Dunolmensi
917 4324 1236 4413 episeopuselutem.
1283 4326 1372 4408 Quia
1394 4327 1459 4394 Ro-

386 4419 527 4496 ,bertus
565 4433 671 4510 nuper
707 4443 847 4509 persone
884 4426 1027 4494 ecclesiae
1064 4428 1106 4493 de
1135 4429 1223 4494 Ford
1254 4429 1290 4494 in
1324 4430 1457 4497 dioecesi

413 4524 533 4600 vestra,
548 4523 606 4608 qui
628 4523 716 4589 diem
739 4545 835 4589 suum
858 4525 977 4593 elausit
1000 4534 1193 4612 extremum,
1210 4535 1251 4597 ut
1265 4532 1459 4621 accepimus,

412 4620 590 4688 tenebatur
612 4623 716 4703 nobis,
731 4625 787 4692 die
808 4649 874 4714 quo
896 4627 989 4708 obiit,
1005 4629 1041 4694 in
1056 4630 1196 4699 diversis
1218 4632 1349 4711 debitis,
1364 4638 1399 4700 et
1420 4633 1457 4700 in
