3564 5744
509 802 709 856 arorsrauu
730 801 933 854 rrunumuu
956 803 1197 855 senmurum
1290 787 1377 860 1107

162 1010 396 1076 sarpamequo
433 991 499 1057 fuit
533 997 679 1078 receptor
702 991 910 1056 denariorum
943 990 1093 1077 praedicti
1130 991 1276 1058 Antonii.
1333 992 1378 1056 Et
1407 997 1530 1045 wlffi-

331 1093 491 1158 'l'homam
514 1093 556 1159 de
587 1093 805 1180 Heryngton’,
835 1093 996 1160 vicarium
1025 1095 1066 1161 (16
1089 1094 1301 1177 Herteburn',
1332 1095 1377 1160 ad
1467 1115 1470 1122 ⁴

331 1195 534 1262 reddendum
571 1195 719 1283 praefatis
756 1194 904 1260 Johanni
941 1197 982 1262 (16
1019 1196 1124 1262 Foxle
1168 1201 1203 1263 et
1240 1197 1377 1263 Thomae

331 1297 560 1364 rationabilem
597 1302 785 1384 compotum
821 1319 918 1363 suum
962 1298 1003 1363 de
1034 1303 1180 1386 tempore
1218 1321 1283 1384 quo
1313 1299 1379 1364 fuit

331 1403 478 1486 receptor
507 1399 717 1466 denariorum
748 1399 898 1486 praedioti
927 1399 1076 1466 Antonii.
1123 1402 1168 1466 Et
1191 1400 1378 1466 Gilbertum

332 1501 372 1567 (16
396 1501 582 1568 Searesbek'
598 1501 640 1566 ad
655 1500 859 1567 reddendum
877 1501 1025 1589 praefatis
1042 1501 1194 1568 iohanni
1217 1504 1258 1568 de
1274 1501 1378 1567 Foxle

332 1607 367 1669 61
390 1602 524 1670 Thomae
553 1602 784 1670 rationabilem
815 1606 1003 1689 compotum
1035 1624 1131 1669 sunm
1164 1603 1204 1668 de
1228 1609 1376 1689 tempore
1446 1647 1448 1655 ›

332 1728 397 1793 quo
434 1705 500 1771 fuit
531 1710 679 1794 receptor
710 1706 919 1772 donariorum
952 1705 1103 1794 praedicti
1139 1706 1284 1774 Antonii
1331 1707 1377 1771 Et

332 1808 558 1875 Alexandrum
575 1807 608 1873 le
622 1808 769 1888 Provost,
781 1807 829 1874 ad
850 1808 1055 1874 reddendum
1070 1807 1217 1894 praefatis
1232 1809 1256 1873 J
1257 1808 1381 1874 ohanni
1510 1850 1518 1857 -

208 1901 219 1918 '
333 1909 501 1976 de-Foxle
523 1914 558 1975 et
580 1908 716 1994 Thomse
744 1909 976 1976 rationabilem
998 1913 1186 1996 compotum
1219 1931 1314 1974 suum
1338 1911 1380 1976 de

333 2017 480 2100 tempore
509 2032 575 2098 quo
596 2013 664 2077 fuit
686 2011 828 2078 ballivus
851 2011 1003 2099 praedicti
1024 2011 1164 2076 Antonii
1194 2011 1231 2075 in
1254 2011 1381 2090 Cotem,

334 2118 368 2179 et
381 2118 530 2201 receptor
551 2112 760 2179 denamorum
780 2135 921 2180 suorum.
968 2113 1014 2177 Et
1036 2113 1183 2178 lluinum
1206 2111 1376 2179 Wodelok’

333 2220 368 2280 et
389 2215 497 2280 Adam
519 2214 691 2293 Bateman,
704 2215 747 2280 ad
769 2214 973 2280 reddendum
997 2214 1145 2300 praefatis
1168 2213 1320 2280 Jobanni·
1338 2215 1379 2280 de

334 2315 437 2383 Foxle
474 2321 510 2382 et
546 2315 680 2382 Thomae
717 2316 948 2382 rationabilem
981 2321 1168 2403 compotum
1205 2338 1302 2382 suum
1340 2318 1381 2382 de

333 2423 479 2505 ternpore
510 2439 575 2504 quo
612 2418 748 2484 fuerunt
778 2423 961 2504 receptores
994 2418 1204 2484 denariorum
1230 2419 1381 2505 praedicti

333 2519 481 2608 Antonii.
524 2520 570 2585 Et
593 2519 786 2606 Gregorium
810 2520 1104 2606 deWyrkeshale,
1119 2521 1162 2585 ad
1175 2521 1381 2587 reddendum

333 2620 479 2708 praefatis
515 2621 663 2686 iohanni
699 2623 741 2688 (16
774 2622 877 2687 Foxle
912 2625 945 2688 et
978 2620 1113 2688 Thomae
1153 2621 1381 2699 rationabilem

217 2763 219 2767 ,
334 2726 521 2808 compotum
543 2745 639 2789 suum
662 2724 704 2789 de
725 2729 871 2811 tempore
894 2744 960 2809 quo
982 2723 1049 2788 fuit
1066 2723 1210 2789 ballivus
1232 2725 1383 2811 praedicti

333 2824 471 2889 Antonii
484 2824 522 2889 in
543 2824 770 2911 Wyrkeshale,
787 2831 821 2891 et
835 2829 982 2913 receptor
1004 2824 1210 2891 donariorum
1235 2847 1379 2892 suorum.

334 2926 380 2989 Et
401 2925 605 2992 Willelmum
626 2927 734 2991 filium
756 2925 917 3014 Stephani
933 2928 974 2993 (16
988 2925 1155 3006 Werdon',
1178 2925 1221 2992 ad
1244 2927 1383 2992 redden·

334 3029 414 3092 dum
435 3027 585 3115 proefatis
607 3027 631 3093 J
633 3027 756 3094 ohanni
770 3028 811 3094 de
827 3027 930 3094 Foxle
946 3035 980 3094 et
995 3028 1130 3095 Thomas
1152 3029 1381 3096 rationabilem

334 3136 520 3216 compotum
543 3151 640 3195 suum
662 3131 703 3195 de
725 3135 872 3218 tempore
894 3152 959 3217 quo
981 3129 1047 3197 fuit
1066 3121 1210 3197 ballivus
1230 3133 1381 3220 praedicti

333 3231 473 3297 Antonii
502 3231 538 3295 in
560 3230 737 3318 Hoghton',
767 3238 802 3298 et
825 3237 971 3319 receptor
997 3232 1206 3299 denariorum
1236 3256 1379 3300 suorum.

335 3333 379 3397 Et
402 3332 511 3398 Etiam
532 3333 565 3399 le
590 3332 739 3412 Provost‚
761 3334 805 3399 ad
826 3333 1030 3400 reddendum
1059 3333 1208 3422 praefatis
1231 3335 1380 3401 Johanni

334 3435 374 3500 (16
398 3433 500 3500 Foxle
530 3438 565 3500 et
587 3433 722 3500 Thomas
747 3435 978 3502 rationabilem
1007 3441 1195 3522 compotum
1219 3457 1316 3502 suum
1338 3437 1381 3501 (16

334 3542 480 3624 tempore
503 3558 567 3623 quo
589 3537 655 3603 fuit
676 3537 820 3604 ballivus
834 3536 984 3625 praedicti
999 3535 1141 3602 Antonii
1154 3537 1191 3600 in
1205 3537 1380 3624 Esington‚

335 3643 368 3704 et
390 3643 536 3726 receptor
558 3637 766 3706 denariorum
788 3661 929 3705 suorum.
974 3639 1020 3703 Et
1034 3637 1212 3704 remittatis
1233 3638 1281 3703 ibi
1301 3644 1382 3704 tuno

333 3740 395 3808 hoc
416 3742 524 3808 breve.
570 3741 616 3805 Et
630 3740 741 3808 sciatis
756 3742 844 3828 quod
866 3739 1008 3806 multum
1031 3740 1232 3806 admiramur
1254 3741 1380 3819 dehoc,

334 3843 421 3928 quod
454 3843 554 3909 breve
584 3847 742 3921 nostrum,
764 3841 848 3908 alias
870 3864 968 3930 super
996 3842 1058 3908 hoo
1084 3841 1177 3906 vobis
1210 3841 1380 3922 directum,

333 3965 400 4010 non
430 3945 623 4010 retornastis
654 3943 692 4008 in
722 3945 864 4010 erastino
894 3943 1009 4008 Sancti
1042 3940 1195 4008 Nicholai
1231 3943 1381 4029 proximo

332 4046 508 4132 praeterite,
543 4046 628 4113 sicut
659 4045 753 4112 vobis
786 4045 981 4110 mandatum
1014 4044 1087 4110 fuit.
1133 4043 1239 4122 Teste,
1262 4043 1305 4110 H.
1336 4045 1378 4108 de

333 4145 517 4230 Staunton’,
539 4147 629 4235 apud
653 4146 990 4226 westmonasterium,
1005 4144 1092 4231 xiij0.
1116 4144 1171 4210 die
1186 4143 1377 4212 Decembris
1457 4189 1461 4196 -

332 4269 420 4315 anno
441 4249 535 4337 regni
557 4249 661 4316 nostri
683 4247 894 4317 nono—Per·
915 4249 1014 4314 breve
1036 4246 1078 4312 (16
1108 4246 1229 4334 Magno
1256 4245 1383 4334 Sigillo,

331 4350 419 4417 inter
441 4350 636 4419 Communia
658 4350 700 4416 de
722 4351 835 4418 eodem
858 4371 955 4416 anno.

333 4516 418 4570 Breve
433 4533 479 4584 pro
506 4533 598 4570 execu-
674 4507 866 4584 Edwardus‚
903 4504 967 4571 Dei
1003 4505 1120 4594 gratia,
1141 4527 1200 4573 rex
1222 4503 1364 4594 Anglisn,
1425 4529 1516 4578 euch.
1624 4497 1635 4520 ⁸

333 4583 459 4714 {iffi
481 4585 597 4702 Agfflg
630 4607 782 4674 commus
818 4607 999 4684 Hibernia,
1021 4613 1057 4674 a
1078 4609 1148 4674 eux
1171 4609 1373 4695 Aquitania,
1393 4595 1541 4691 111111

333 4717 428 4770 mensis
439 4716 558 4783 episcopi.
629 4711 811 4779 venerabili
847 4709 1039 4779 1601161616
1078 4710 1176 4796 patri,
1223 4709 1374 4791 Ricardo
1392 4696 1546 4792 ififfissfff

1143 4828 1201 4877 ΕΕ
1224 4815 1244 4878 2
1394 4797 1498 4848 Antossyu
