3524 5716
415 837 502 898 1220
584 805 799 898 'ssomrsuu
822 846 1024 896 ranarmmr
1047 847 1289 896 nusnnunssr.

265 1059 386 1103 anama
417 1037 576 1124 religiosis
609 1057 802 1116 concessam,
827 1037 861 1100 iu
895 1059 973 1101 usus
1010 1060 1085 1102 suos
1123 1038 1273 1124 proprios
1310 1041 1648 1124 perpetuosassrucs

417 1140 655 1225 possidendam,
687 1144 721 1203 et
762 1139 850 1224 ipsos
882 1139 1062 1224 religiosos,
1088 1140 1123 1203 iu
1156 1140 1309 1205 omnibus
1344 1144 1378 1204 et
1412 1163 1472 1226 per

418 1242 536 1320 omnia,
560 1241 669 1327 quoad
701 1241 920 1307 retentionem
954 1240 1057 1326 ipsius
1092 1241 1245 1320 ecclesiae,
1269 1240 1471 1306 sufficienter

417 1364 487 1406 esse
510 1343 665 1418 munitos,
687 1343 776 1428 ipsas
799 1341 994 1406 medietates
1028 1342 1126 1407 dictae
1149 1341 1302 1419 ecclesiae‚
1324 1342 1366 1407 ab
1390 1342 1468 1406 olim

418 1445 548 1523 divisas,
572 1449 607 1510 et
640 1443 774 1508 divisim
806 1465 976 1528 possessae,
1000 1444 1197 1508 auctoritate
1229 1442 1325 1508 nobis
1348 1443 1382 1506 in
1406 1443 1469 1508 hac

417 1551 511 1632 parte
542 1547 722 1623 commissa,
752 1545 1023 1629 redintegramus,
1055 1545 1188 1609 unimus
1220 1550 1255 1610 et
1286 1545 1467 1610 consolida·

417 1667 498 1724 mus,
523 1651 557 1712 et
588 1668 642 1712 eas
674 1666 777 1710 unum
810 1648 845 1710 et
875 1646 964 1710 idem
986 1645 1182 1711 beneficium
1205 1645 1410 1710 deceruimus
1432 1655 1467 1712 et

417 1748 595 1812 statuimus
618 1747 659 1813 de
688 1751 806 1812 coetero
829 1746 996 1832 perpetuis
1023 1745 1144 1810 futuris
1166 1747 1369 1833 temporibus
1391 1767 1468 1812 ceu·

417 1849 481 1911 seri
505 1855 539 1913 et
570 1847 691 1926 haberi,
715 1847 866 1934 ipsasque
892 1847 1084 1911 medietates
1114 1848 1282 1933 praedictis
1308 1848 1467 1934 religiosis

418 1947 517 2014 inisse
549 1955 583 2014 ct
615 1971 683 2014 esse
717 1947 874 2012 canonice
905 1947 1155 2034 appropriatas3
1190 1954 1224 2012 et
1255 1949 1385 2013 eosdem
1415 1970 1467 2014 re-

417 2049 549 2136 ligiosos
583 2071 680 2136 super
712 2049 896 2114 retentione
928 2049 1033 2113 totius
1067 2049 1209 2115 ccclesiae
1243 2051 1397 2135 ejusdem,
1433 2057 1468 2114 et

413 2153 489 2237 jure
524 2152 670 2228 eandem,
704 2151 751 2215 sic
781 2150 1016 2215 consolidatam
1052 2155 1087 2216 ct
1118 2151 1255 2230 unitam,
1290 2152 1465 2230 retinendi,

419 2253 616 2319 sufficienter
649 2237 686 2317 ct¹
714 2252 859 2338 legitime
890 2250 959 2316 fore
991 2251 1137 2316 munitos
1160 2253 1370 2330 declaramus,
1395 2275 1469 2338 pro·

418 2356 620 2434 nunciamus,
637 2360 671 2420 et
694 2354 897 2418 decernimus
913 2353 1162 2432 sententialiter,
1187 2355 1224 2418 in
1238 2353 1303 2419 biis
1325 2355 1465 2441 scriptis

419 2455 547 2521 Verum
563 2479 646 2532 cum,
662 2477 759 2540 super
777 2453 852 2539 jure
867 2453 1057 2518 conferendi
1074 2454 1230 2518 vicariam
1246 2456 1349 2541 ipsius
1365 2457 1467 2521 eccla-

418 2557 484 2635 siae,
501 2558 590 2622 inter
612 2555 833 2622 venerabilem
856 2560 984 2639 patrem
1008 2559 1042 2620 et
1065 2556 1245 2634 domiuum,
1261 2557 1468 2623 Dunolmen-

418 2679 486 2722 sem
510 2660 696 2745 episcopum
719 2657 923 2744 praedictum,
947 2678 989 2721 ex
1012 2661 1107 2743 parte
1131 2679 1204 2751 unq,
1228 2664 1262 2723 et
1286 2659 1391 2724 dictos
1415 2683 1468 2726 re·

418 2759 560 2844 ligiosos,
584 2781 626 2826 ex
648 2759 761 2835 altera,
784 2757 900 2822 fuisset
923 2756 1114 2844 quaestionis
1137 2761 1277 2824 materia
1299 2761 1467 2840 suscitata,

418 2860 461 2923 ad
483 2860 661 2925 sedandam
694 2859 911 2945 quaestionem
943 2859 1169 2947 condempno
1202 2864 1288 2928 bono
1320 2864 1408 2951 pacis
1431 2875 1466 2930 et

418 2961 548 3046 quietis,
564 2966 633 3026 tam
655 2961 813 3045 magister
829 2961 992 3027 Robcrtus
1015 2963 1056 3027 de
1080 2963 1253 3050 Sutbayk',
1270 2966 1466 3042 antedictus,

419 3062 596 3127 eorundem
628 3061 856 3148 religiosorum
888 3063 1056 3150 legitimus
1088 3071 1280 3151 procurator
1313 3067 1378 3132 hiis
1409 3089 1468 3154 per

418 3165 547 3230 eosdem
580 3163 755 3250 religiosos,
778 3163 822 3228 ad
853 3165 1064 3252 infrascripta
1095 3172 1294 3252 potestatem
1317 3175 1351 3234 et
1373 3191 1464 3234 man·

418 3266 534 3330 datum
567 3264 715 3351 speciale,
738 3286 847 3330 coram
880 3265 982 3345 nobis,
1007 3267 1088 3332 dicti
1111 3270 1214 3354 patris
1236 3272 1468 3337 commissariis

418 3367 612 3453 specialibus
628 3367 664 3430 in
679 3366 740 3430 bac
755 3371 848 3452 parte
863 3367 1078 3453 personaliter
1092 3371 1302 3452 constitutus,
1313 3373 1468 3458 praefatos

417 3469 594 3556 religiosos,
617 3474 652 3533 et
684 3489 718 3533 sc
752 3489 864 3533 eorum
895 3470 1036 3549 nomine,
1061 3493 1160 3556 quam
1191 3473 1292 3539 iidem
1322 3477 1465 3563 religiosi

417 3593 476 3656 per
498 3571 608 3636 literas
632 3591 706 3635 suas
730 3571 859 3656 seipsos,
882 3573 991 3656 quoad
1014 3572 1169 3638 vicariam
1193 3575 1291 3642 dictae
1314 3578 1464 3658 ecclesiae,

418 3677 452 3737 ct
484 3673 589 3757 ipsam
621 3670 777 3735 vicariam
809 3671 1079 3758 qualitercunque
1110 3677 1346 3764 contingentia,
1377 3681 1469 3745 ordi·

416 3775 545 3840 nationi
562 3779 682 3839 nostrae
697 3796 786 3860 pure.
802 3780 930 3860 sponte,
946 3775 1094 3842 absolute
1117 3783 1151 3843 et
1173 3779 1372 3866 simpliciter,
1388 3784 1467 3848 sub-

417 3878 587 3942 miserunt.
632 3876 732 3940 Unde
756 3897 823 3952 nos,
839 3876 1051 3941 commissarii
1068 3881 1257 3965 supradicti,
1276 3883 1318 3946 ad
1341 3883 1466 3950 lamen-

343 4039 346 4046 .
416 3978 552 4043 tabilem
572 3983 699 4043 statum
723 3979 914 4043 monasterii
938 3978 1161 4059 Karliolensis,
1177 3989 1212 4047 et
1234 3985 1465 4069 praedictorum

416 4078 648 4164 religiosorum,
664 4099 723 4168 per
743 4079 908 4164 repentini
930 4079 1072 4145 incendii
1095 4084 1284 4170 voraginem
1304 4085 1375 4170 jam
1391 4111 1466 4155 con-

416 4182 550 4268 sumpti,
573 4201 700 4246 necnon
733 4186 767 4245 et
789 4181 831 4245 ad
867 4181 933 4245 alia
965 4183 1037 4247 loca
1059 4184 1205 4270 ipsorum
1229 4188 1463 4274 religiosorum,

415 4306 473 4369 per
488 4283 679 4348 saevientem
696 4283 883 4348 Scottorum
907 4285 1072 4350 incursum
1090 4293 1124 4353 et
1140 4289 1407 4375 depraedationes,
1425 4317 1464 4361 ac

414 4387 602 4451 invasiones
624 4385 782 4450 bonorum
813 4388 988 4452 eorundem
1021 4391 1227 4477 multiplices,
1251 4395 1284 4458 in
1316 4395 1462 4462 favillam

414 4492 448 4552 et
471 4489 602 4564 cineres,
618 4487 701 4573 proh
725 4488 834 4552 dolor!
854 4489 924 4574 jam
948 4491 1088 4569 redacta,
1112 4493 1186 4558 aliis
1209 4495 1304 4562 bonis
1326 4499 1393 4563 suis
1416 4500 1462 4564 sic

414 4587 627 4674 consumptis,
642 4589 729 4672 quod
745 4589 788 4654 ad
804 4592 1076 4657 sustentationem
1101 4617 1310 4662 numerorum
1329 4603 1461 4666 canoni-

413 4710 524 4754 corum
547 4693 738 4755 monasterii
763 4693 822 4771 sui,
846 4699 881 4757 et
904 4715 1003 4759 onera
1025 4695 1055 4759 ei
1079 4695 1303 4766 incumbentia
1325 4723 1460 4788 suppor-
