3562 5710
431 803 495 867 996
609 813 808 863 anemurum
831 809 1034 860 nunrmmr
1058 809 1299 859 nssnnunusn

282 1015 404 1061 anum
477 996 522 1061 Et
544 995 585 1061 de
607 994 703 1060 bonis
725 993 885 1082 portionis
909 1014 983 1078 quse
1006 991 1074 1056 fuit
1094 989 1261 1076 Radulphi
1293 987 1334 1052 de
1357 987 1667 1074 Besagefflrba&

521 1098 556 1162 in
579 1097 713 1165 ecclesia
734 1097 775 1162 de
797 1097 985 1181 Langoestr,
1008 1093 1052 1158 ad
1075 1091 1256 1158 valentiam

1231 1192 1347 1278 lxvj.s.
1370 1191 1439 1277 viij.
1451 1191 1483 1258 d.

476 1299 532 1364 De
559 1301 709 1385 portione
741 1321 816 1385 quse
846 1297 912 1362 fuit
933 1296 1098 1362 «Iohannis
1129 1296 1171 1360 de
1209 1293 1415 1381 Metinghsm
1446 1294 1483 1358 in

521 1400 736 1488 Derlington’,
757 1401 801 1466 ad
823 1399 1028 1466 valentiam·
1162 1433 1176 1445 -
1221 1396 1264 1462 lv.
1276 1417 1300 1461 s.
1323 1395 1369 1480 vj.
1381 1395 1412 1461 d.
1436 1395 1482 1460 ob.

477 1500 527 1567 De
542 1502 693 1588 portione
716 1523 790 1587 quas
812 1500 878 1566 snit
892 1500 1026 1566 Thomoe
1041 1499 1083 1564 ds
1098 1498 1279 1564 Leuesham
1294 1497 1332 1562 in
1347 1496 1482 1564 eeclesia

521 1602 562 1668 de
585 1602 697 1682 Oestr’,
720 1602 764 1667 ad
786 1600 964 1668 valentiam
986 1599 1046 1685 iiij.
1059 1599 1094 1666 a
1118 1599 1187 1684 viij.
1199 1621 1222 1664 s.
1246 1597 1319 1664 nd.
1345 1596 1437 1664 ob.-

478 1703 561 1782 Quae
583 1704 670 1770 bons
691 1702 832 1790 publicae
853 1701 1038 1767 venditioni
1061 1699 1196 1766 fecimus
1211 1700 1342 1786 exponi,
1358 1721 1417 1765 nec
1439 1699 1483 1764 ad

432 1823 471 1868 ea
507 1805 645 1870 emenda
690 1804 947 1870 inveniebantur
984 1806 1155 1888 emptores,
1183 1807 1317 1888 propter
1353 1800 1483 1865 diversa

432 1904 574 1989 pericula
596 1927 671 1991 quae
693 1905 869 1971 imminent
891 1906 927 1969 in
949 1903 1099 1990 partibus
1121 1903 1187 1968 iilis
1216 1903 1479 1988 circumquaque,

430 2005 496 2072 hiis
518 2006 641 2072 diebus.
1142 2005 1144 2010 ’

475 2107 517 2172 In
540 2107 674 2176 ecelsis
695 2107 737 2172 se
759 2089 947 2193 Oving‘ham
969 2113 1004 2171 et
1026 2106 1150 2173 uass
1173 2105 1214 2170 ss
1229 2105 1416 2170 nsuewss
1431 2103 1481 2168 nu

429 2207 600 2276 invenitur
622 2209 821 2288 levandum3
848 2209 926 2294 quis
947 2213 1054 2273 rector
1075 2213 1110 2274 et
1136 2207 1278 2274 vicarius
1303 2208 1481 2273 earundem

431 2309 597 2376 violarunt
618 2316 822 2396 sequestrum
844 2311 881 2374 in
903 2308 998 2375 bonis
1024 2308 1092 2374 suis
1114 2309 1195 2374 alias
1226 2308 1480 2394 interpoeitum:

430 2413 673 2499 propterquod
695 2412 782 2498 ipsos
813 2410 1177 2487 excommunicavimus,
1199 2415 1233 2476 et
1257 2410 1479 2476 excommuni-

430 2518 521 2579 catos
542 2513 672 2599 publice
701 2512 980 2592 denuntiavimus,
1005 2517 1173 2578 eteorum
1196 2512 1346 2578 ecclesias
1381 2512 1480 2578 cccle-

431 2613 563 2680 siastico
585 2613 814 2701 supposuimus
836 2612 1020 2678 interdicte.

475 2714 525 2780 De
560 2714 657 2781 bonis
690 2735 838 2800 personae
867 2713 908 2778 ds
931 2713 1151 2800 Wessington’
1183 2715 1265 2780 alias
1294 2715 1479 2781 levavimus

413 2816 498 2901 .xvj.
515 2816 551 2882 lt.
574 2816 631 2900 xij.
642 2838 664 2881 s.
688 2815 747 2900 iiij.
764 2815 816 2895 d.;
839 2835 920 2900 quos
935 2814 1093 2882 solvimus
1108 2816 1248 2881 Ricardo
1271 2816 1313 2882 de
1328 2817 1480 2902 Brighte-

431 2916 523 2994 vell’,
539 2917 701 2994 scutifero,
717 2916 760 2980 ed
781 2915 976 2982 mandatum
998 2923 1167 2993 vestrum3
1190 2924 1290 3004 prout
1305 2923 1399 3004 patet
1421 2940 1481 3004 per

429 3021 598 3082 retornunr
620 3017 731 3082 brevis
753 3017 856 3082 vestri
879 3039 899 3081 a
922 3017 975 3082 die
998 3016 1133 3084 Paschae
1155 3019 1192 3082 in
1215 3040 1269 3086 xv.
1294 3019 1373 3100 dies,
1389 3040 1479 3086 anno

429 3118 522 3204 regni
545 3117 669 3184 domini
691 3117 777 3204 regn‘s
798 3139 887 3183 nunc
908 3123 1008 3184 sexto.

475 3217 571 3299 Item,
593 3241 652 3306 pro
684 3239 822 3305 persona
855 3218 998 3294 ecclesiae
1032 3219 1074 3286 de
1104 3219 1264 3308 Stanhop’
1293 3222 1394 3287 breve
1428 3243 1478 3287 re-

429 3319 574 3405 cepimus
606 3320 650 3387 ad
683 3319 920 3385 dimittendum
953 3341 1028 3386 eum
1062 3321 1099 3384 in
1132 3342 1221 3407 pace,
1258 3326 1293 3387 et
1326 3322 1355 3387 si
1397 3323 1478 3407 quid

429 3420 667 3508 recepissemus,
691 3420 796 3486 eidem
819 3421 1074 3488 restitueremus.

474 3522 569 3602 Item,
592 3544 652 3609 pro
675 3521 820 3609 personis
842 3522 1051 3588 ecclesiarum
1074 3523 1114 3589 de
1138 3522 1308 3609 Hoghton’
1328 3527 1362 3590 et
1386 3522 1478 3604 Qvi-

428 3621 531 3700 chsm,
561 3628 596 3688 et
618 3624 751 3689 dominc
773 3623 911 3688 Adada
941 3623 1106 3710 Osgodby,
1136 3623 1365 3710 praebendario
1394 3647 1478 3711 prse-

428 3721 546 3788 bendae
568 3745 643 3808 quse
664 3723 730 3788 fuit
756 3723 930 3810 Regius-idi
954 3725 995 3790 de
1019 3725 1185 3790 Brandon’
1213 3725 1249 3789 in
1279 3725 1413 3793 ecclesia
1435 3727 1477 3791 de

429 3822 622 3909 Inngcestr’,
646 3822 745 3889 breve
767 3825 947 3911 recepimus
968 3826 1012 3892 ad
1035 3826 1319 3912 supersedendum.

296 4073 309 4149 ,Θ
335 4105 341 4116 θ
373 4075 393 4150 ,Ι
429 4070 512 4124 Bm,
522 4073 616 4123 domini
626 4072 693 4137 regis
770 4029 962 4107 Edwardus,
992 4029 1056 4095 Dei
1093 4033 1208 4119 gratis,
1239 4053 1299 4099 rex
1337 4033 1477 4120 Augure,

323 4167 393 4200 ors
430 4153 475 4204 pro
500 4139 630 4203 ,Stephano
662 4141 694 4189 ne
728 4130 880 4196 dominus
910 4131 1082 4199 Hiberniae
1112 4139 1147 4199 et
1178 4133 1247 4198 dux
1272 4135 1473 4220 Aquitania,

333 4217 401 4302 850
429 4207 539 4269 ΜΨ·
729 4233 909 4298 veneratur
947 4233 983 4298 in
1020 4233 1151 4300 suaso
1190 4236 1287 4321 patri,
1326 4236 1475 4313 marso,

286 4315 360 4348 ’θ’
429 4333 542 4398 eadem
578 4332 696 4419 gratia,
733 4333 949 4399 Dunelmensi
986 4334 1145 4421 episcopo,
1179 4337 1328 4402 sulutem.
1387 4338 1474 4418 Quia

428 4431 616 4518 Stephanus
646 4433 687 4498 de
721 4433 863 4520 Mauley,
898 4457 1035 4521 persona
1065 4437 1206 4504 ecclesias
1228 4438 1269 4503 de
1292 4438 1472 4526 Hoghton',

427 4534 576 4618 sequitur
609 4534 646 4599 in
680 4535 769 4601 curie
799 4541 922 4617 nostra,
956 4557 1064 4604 coram
1096 4538 1274 4605 baronibus
1306 4540 1346 4606 de
1377 4541 1473 4606 Scae

427 4634 514 4699 cario
536 4639 657 4713 nostro,
680 4650 794 4703 versus
818 4637 981 4724 Rogerum
1011 4638 1043 4704 le
1068 4637 1179 4720 Olerc',
1210 4641 1474 4728 praebendarium
