3524 5716
400 747 485 808 1208
577 759 773 809 sscrsrnuu
797 757 999 807 rsmrmnu
1023 754 1265 805 nunssusnsn.

247 957 367 1006 nurus.
397 946 557 1009 bonerum
580 945 748 1021 faborem,¹
762 943 936 1009 annuatim
958 940 1243 1028 percipiendarum
1265 961 1323 1026 per
1346 958 1380 1002 sc
1411 939 1622 1009 ormnem

397 1068 594 1112 successores
617 1068 691 1112 suos
714 1047 754 1111 de
777 1046 866 1110 dicto
889 1044 1043 1109 Johcnue
1066 1043 1160 1120 Bille,
1176 1049 1211 1107 et
1233 1041 1274 1106 de
1292 1037 1447 1105 omnibus

397 1149 471 1212 aliis
501 1149 560 1234 qui
591 1152 781 1214 tenemento
813 1145 1011 1231 [habebunt]
1043 1165 1118 1228 quae
1148 1143 1170 1208 J
1174 1143 1318 1208 ohannes
1349 1139 1446 1216 Bille,

397 1255 492 1334 pater
518 1249 600 1315 dicti
623 1249 785 1314 Johsnnis
815 1248 909 1325 Bille,
939 1245 1056 1311 habuit
1087 1251 1120 1310 et
1144 1244 1263 1320 tenuit,
1294 1243 1335 1307 ds
1358 1241 1445 1306 dono

397 1349 535 1415 Roberti
551 1350 592 1416 de
608 1349 793 1416 Milleburn’
809 1350 845 1413 in
860 1349 989 1414 Pelewe
1000 1348 1100 1432 juxte
1116 1347 1228 1426 Cestr,
1245 1344 1446 1409 distribuen-

397 1451 514 1516 dorum
537 1451 573 1514 in
596 1451 680 1516 festo
703 1450 847 1529 Paschae,
871 1451 907 1515 in
930 1449 1116 1515 coemeterio
1139 1447 1281 1514 ecclesiae
1304 1445 1346 1510 ds
1368 1444 1444 1508 Bol-

301 1565 304 1571 “
397 1553 480 1629 don',
503 1552 701 1637 pauperibus
732 1552 878 1637 ejusdem
904 1549 1074 1637 parochiae,
1096 1571 1155 1634 pro
1178 1549 1287 1612 anima
1309 1546 1444 1610 Thomae

396 1653 436 1718 de
467 1654 666 1738 Brompton’,
698 1653 864 1738 quondam
891 1673 1036 1738 personae
1065 1651 1207 1717 ecclesiae
1242 1650 1283 1714 de
1308 1647 1444 1714 Boldon’

396 1754 602 1838 suprodictae.
649 1755 703 1818 Ite
733 1759 856 1832 tamen,
880 1753 968 1839 quod
1002 1751 1113 1817 omnic
1146 1755 1344 1826 tenementa,
1370 1769 1444 1813 cum

298 1895 302 1902 -
396 1854 548 1920 omnibus
581 1857 649 1920 suis
681 1856 890 1941 pertinentiis
921 1876 994 1939 quse
1026 1853 1194 1919 Johennes
1225 1851 1318 1928 Bille,
1351 1855 1445 1935 peter

395 1957 577 2042 supradicti
607 1957 772 2022 Joheimis
805 1956 899 2036 Bille,
927 1956 1044 2021 hebuit
1075 1961 1109 2020 et
1143 1955 1261 2030 tenuit,
1285 1955 1326 2018 de
1358 1952 1444 2017 dono

396 2057 546 2143 praedicti
569 2057 708 2122 Roberti
731 2059 771 2123 de
790 2057 976 2123 Milleburn'
999 2058 1036 2121 in
1058 2055 1186 2121 Pelswe
1204 2056 1306 2140 juxta
1329 2055 1443 2130 Cestr',

396 2158 439 2222 sd
462 2179 731 2243 quorumcunque
758 2181 875 2223 manus
905 2160 946 2224 de
968 2163 1086 2224 caetero
1109 2158 1312 2238 devenerint,
1336 2177 1443 2222 rema-

367 2287 368 2290 *
395 2267 497 2324 neent
523 2259 708 2346 specialiter
724 2265 867 2325 onerate
888 2264 923 2324 et
945 2259 1091 2345 oblignts
1112 2259 1148 2323 in
1171 2265 1377 2345 perpetuum,
1400 2256 1444 2320 cd

396 2360 635 2426 districtionem
664 2360 745 2427 dicti
769 2360 919 2446 magistri
941 2359 1113 2438 «iohannis,
1128 2381 1276 2446 personae
1299 2359 1444 2424 ecclesiae

395 2463 435 2527 de
451 2463 595 2544 Bcldon’,
619 2469 654 2528 et
676 2483 895 2529 successorum
910 2483 1050 2539 suorum,
1067 2483 1275 2549 personarum
1300 2462 1443 2528 ecclesiae

395 2563 435 2628 de
451 2563 598 2642 Boldon',
614 2565 671 2650 qui
694 2585 753 2650 pro
775 2570 922 2650 tempore
944 2563 1077 2642 fuerint,
1092 2565 1128 2629 in
1143 2570 1345 2648 perpetuum,
1362 2585 1443 2648 quo-

396 2686 499 2749 usque
529 2687 633 2730 unum
670 2667 875 2750 quarterium
898 2666 1058 2732 bonarum
1088 2665 1238 2730 fabarum
1268 2665 1443 2730 annuatim

332 2819 337 2830 .
395 2766 553 2830 reddetur
575 2773 609 2830 et
631 2767 779 2831 solvetur
801 2767 923 2832 eisdem
947 2766 1103 2854 magistro
1125 2767 1281 2844 «Iohanni,
1296 2787 1443 2853 personae

394 2867 536 2932 ecolesise
552 2867 593 2931 de
612 2867 758 2946 Bcldon'‚
773 2873 807 2932 et
829 2869 1065 2934 successoribus
1086 2869 1163 2946 suis,
1178 2868 1442 2934 distribuendum

393 2968 591 3054 pauperibus
612 2968 788 3053 praedictis,
803 2969 902 3036 dictis
925 2970 978 3035 dic
1001 2975 1036 3035 et
1058 2970 1136 3049 1000,
1151 2993 1212 3056 pro
1235 2971 1346 3035 enimc
1361 2993 1444 3056 pire·

395 3069 458 3133 fati
491 3068 626 3134 Thomae
649 3069 689 3134 de
724 3070 917 3156 Brompton,
939 3077 979 3136 ut
1010 3072 1203 3158 prsedictum
1227 3079 1284 3138 est.
1330 3074 1375 3138 Et
1406 3073 1441 3136 in

394 3169 583 3254 hujusmodi
619 3168 763 3236 licentiae
800 3178 921 3238 nostres
959 3173 1192 3253 testimonium,
1225 3173 1285 3240 has
1314 3180 1443 3240 nostres

396 3277 549 3357 patentes
587 3271 699 3336 literas
737 3271 841 3338 eidem
880 3272 1028 3338 Johnnni
1065 3274 1151 3340 Bille
1188 3275 1258 3340 fieri
1296 3275 1441 3357 fecimus,

395 3372 497 3458 sigilli
519 3374 626 3438 nostri
647 3374 830 3439 munimine
851 3374 1026 3441 roborstss
1073 3376 1197 3440 Datum
1219 3377 1307 3463 apud
1321 3375 1441 3443 Stoke·

395 3477 472 3553 ton’,
501 3473 561 3558 vjo.
587 3476 640 3540 die
672 3475 794 3541 mensis
827 3476 960 3560 Aprilis,
992 3499 1079 3542 suno
1102 3478 1238 3542 Domini
1269 3478 1467 3564 millesimo¹

395 3573 471 3640 coc⁰.
495 3574 728 3656 tertiodecimo,
752 3581 787 3640 et
808 3577 1021 3661 pontificatus
1043 3580 1148 3644 nostri
1170 3580 1318 3647 secundo.

226 3799 357 3894 ssssssffi
395 3827 561 3880 confirmatio
584 3839 660 3882 ,m
738 3796 863 3864 Christi
893 3799 1045 3866 fidelibus
1074 3803 1245 3882 universis,
1265 3811 1443 3890 praesentes

227 3899 359 3994 glffiffi
394 3895 658 3947 Henrieiserteusom.
693 3897 807 3964 literas
844 3901 1048 3986 inspecturis,
1090 3904 1258 3988 Ricardus,
1304 3908 1441 3993 permis·

226 3997 381 4093 Auesstgglffit
394 3996 485 4060 sione
508 3996 631 4086 divine,
648 3999 878 4065 Dunelmensis
894 4003 1071 4090 episcopus,
1086 4006 1225 4071 sulutem
1247 4009 1283 4071 in
1299 4009 1442 4074 Domino

226 4099 366 4201 Ngffinglgy
394 4097 635 4182 sempiternom.
682 4099 824 4166 Noverit
846 4103 1045 4190 universitas
1071 4113 1182 4173 vestre
1204 4131 1271 4187 nos,
1295 4111 1441 4196 inspecto

225 4197 325 4288 pium·
333 4198 381 4242 ¹⁸²⁰
393 4199 530 4284 registro
564 4199 658 4264 bonae
680 4205 846 4268 memoriae
880 4205 1005 4270 domini
1027 4209 1176 4286 Antonii,
1198 4211 1441 4295 praedecessoris

225 4294 247 4340 n

251 4247 309 4299 suos
317 4250 343 4292 or

249 4297 338 4341 mmm.
393 4299 506 4375 nostri,
529 4299 694 4366 iuvenisse
716 4304 857 4368 'eundem
880 4308 1146 4390 praedecessorem
1169 4317 1318 4377 nostrum
1340 4335 1440 4378 unnm

393 4404 516 4464 certain
534 4399 677 4468 Hemico
692 4403 732 4467 dc
748 4405 781 4467 N
783 4427 892 4470 cusom
908 4407 1029 4486 fecisse,
1051 4416 1197 4476 tenorem
1213 4414 1271 4498 qui
1293 4415 1441 4498 sequitur

394 4501 617 4566 continentem
632 4505 848 4581 ;—Omnibus
872 4506 996 4573 Christi
1020 4511 1180 4590 fidelibus,
1203 4515 1246 4578 ed
1261 4537 1342 4600 quos
1356 4539 1439 4601 prae-

395 4621 467 4666 sens
491 4603 648 4688 scriptum
671 4608 867 4690 pervenerit,
892 4609 1066 4702 Antonius,
1089 4615 1302 4698 permissione
1317 4617 1439 4694 divine,
