3564 5744
533 824 733 880 aaorsraou
755 827 955 880 rmarruou
977 828 1219 879 nuraauausn
1317 811 1403 881 114⁷

185 1029 230 1074 sn.
239 1026 341 1082 Bricca
353 1013 524 1080 inducitur
544 1013 793 1092 incrementum,
815 1014 971 1092 volentes,
993 1019 1034 1079 ut
1055 1035 1098 1079 ex
1120 1013 1224 1080 officio
1247 1018 1405 1093 tenemur,
1435 1022 1557 1068 cll-1³12-

354 1116 485 1181 facilem
505 1117 650 1202 praebero
672 1137 874 1194 consensum,
896 1116 1065 1186 licentiam
1095 1116 1302 1183 concedimus
1324 1135 1406 1202 prae·

355 1218 445 1283 dicto
467 1218 599 1283 domino
621 1217 713 1298 Adae,
730 1217 818 1304 quod
839 1219 910 1304 ipse
933 1222 968 1283 et
989 1217 1135 1284 haeredes
1150 1216 1202 1283 sui
1216 1217 1253 1282 in
1267 1217 1408 1303 praefata

356 1320 490 1386 ecclesia
511 1321 553 1386 do
574 1321 715 1385 Benton’
736 1323 895 1408 perpetuo
916 1318 1062 1386 habeant
1083 1341 1188 1384 unum
1203 1318 1407 1406 capellanum

355 1421 479 1500 divina
501 1426 540 1487 ut
562 1421 788 1509 praemittitur,
801 1421 1028 1500 celebrantem,
1043 1421 1097 1488 cui
1113 1419 1238 1487 dictum
1260 1441 1408 1485 annuum

355 1522 531 1600 redditum,
554 1543 596 1588 ex
633 1544 723 1606 mera
760 1528 795 1588 et
832 1527 1013 1610 spontanea
1048 1523 1231 1600 voluntate,
1261 1521 1408 1588 conferre

355 1624 529 1704 volueriut,
552 1627 623 1692 aine
656 1624 746 1691 omni
781 1625 1050 1708 contradictione,
1083 1625 1330 1712 impedimento,
1351 1623 1407 1690 vel

356 1725 520 1792 calumnia
556 1730 678 1805 nostra,
708 1726 763 1792 vel
800 1747 1021 1794 successorum
1058 1732 1269 1808 nostrorum
1306 1726 1407 1792 salvis

355 1831 467 1893 tamen
500 1828 681 1894 rectoribus
716 1827 863 1914 ejusdem
895 1828 1046 1910 ecclesiae,
1071 1828 1130 1914 qui
1161 1850 1221 1915 pro
1258 1833 1407 1914 tempore

355 1927 487 2006 fuerint,
506 1928 640 2013 juribus
678 1935 712 1995 et
754 1928 1047 1996 commoditatibus
1084 1930 1152 1994 suis
1191 1933 1225 1994 et
1262 1927 1407 1994 ecclesiae

356 2051 425 2096 suae
447 2030 621 2118 praedictae,
644 2031 742 2097 utin
765 2030 987 2097 oblationibus
1010 2033 1045 2094 et
1068 2029 1143 2096 aliis
1169 2029 1255 2094 sicut
1288 2029 1409 2095 habere

357 2137 625 2210 consueverunt3
662 2138 698 2197 et
730 2131 818 2217 quod
852 2130 941 2196 idem
971 2130 1081 2195 Adam
1115 2136 1150 2195 et
1179 2129 1326 2195 haeredes
1356 2131 1409 2196 sui

355 2232 482 2298 dictum
504 2255 653 2298 annuum
675 2232 843 2298 redditum
872 2231 1046 2317 capellano,
1070 2253 1168 2317 quem
1190 2230 1295 2318 magis
1316 2231 1411 2296 habi·

356 2334 423 2398 lem
457 2338 491 2398 et
523 2334 680 2398 idoneum
712 2331 944 2419 reputaverint
973 2332 1074 2398 libere
1104 2331 1252 2398 conferre
1274 2332 1409 2397 valeant

356 2435 485 2500 intuitu
518 2435 677 2500 caritatis.
725 2435 768 2499 In
801 2433 894 2520 cujus
927 2434 976 2498 rei
1005 2433 1232 2499 testimonium
1262 2433 1407 2520 sigillum

357 2541 505 2602 nostmm
523 2536 738 2623 praesentibus
750 2541 805 2622 vest
820 2556 1010 2622 appensum.
1048 2535 1172 2600 Datum
1189 2535 1279 2620 apud
1294 2535 1407 2600 Auke-
1511 2521 1518 2534 ¹

357 2637 445 2715 land,
466 2635 540 2722 rij⁰.
564 2636 617 2702 die
639 2636 801 2718 Januorii‚
825 2658 921 2714 anno,
945 2641 1014 2715 etc,
1041 2635 1200 2723 [mcccc]
1225 2637 1407 2717 undecimo,

359 2743 393 2804 et
415 2738 625 2826 pontificatus
647 2738 753 2805 nostri
775 2737 890 2825 primo.

704 2941 873 3022 Ricardus,
897 2941 1110 3027 permissione
1132 2940 1257 3020 divina,
1284 2940 1569 3049 Dunel'ffiffilffl

358 3054 417 3102 cam
445 3054 626 3106 obscuritatum
659 3043 780 3108 mensis
824 3043 1002 3130 episcopus,
1041 3043 1193 3108 omnibus
1239 3043 1281 3110 ad
1328 3065 1409 3130 quos
1422 3054 1558 3114 paenuriam

359 3119 579 3171 uIaeconvenit.
658 3149 836 3230 praesentes
869 3145 976 3210 literae
1012 3145 1233 3231 pervenerint,
1268 3145 1408 3210 salutem
1422 3105 1573 3250 &ff

358 3239 395 3304 in
417 3242 566 3309 Domino.
615 3244 700 3311 oum
715 3246 752 3310 in
774 3247 990 3312 conventione
1016 3247 1105 3312 inter
1127 3247 1223 3313 bonae
1244 3247 1410 3313 memoriae
1422 3254 1536 3306 bmopor

359 2985 502 3037 Declaratio
517 3003 625 3051 quorun-

361 3341 531 3408 dominum
549 3344 738 3429 Ricardum,
753 3348 919 3433 quondam
934 3347 1190 3412 Dunelmensem
1213 3349 1408 3435 episcopum,
1422 3303 1540 3455 &iffi

357 3444 626 3529 praedecessorem
652 3446 842 3536 [nostrum],
876 3470 919 3513 ex
953 3471 1021 3512 una
1051 3455 1154 3535 parte,
1187 3452 1221 3512 et
1243 3449 1411 3535 religiosos
1422 3454 1556 3556 ffiggffl

358 3546 454 3624 viros,
470 3548 611 3632 priorem
627 3554 661 3614 et
675 3557 875 3616 conventum
891 3548 1033 3615 ecclesia
1048 3549 1290 3628 Dunelmensis,
1306 3572 1349 3615 ex
1363 3551 1411 3616 al-

359 3653 440 3725 tera,
456 3648 549 3728 inita,
566 3651 798 3716 contineantur
813 3652 964 3737 quaedam
980 3652 1117 3716 obscura
1131 3657 1166 3716 et
1180 3652 1290 3716 minus
1304 3653 1411 3740 plena,

360 3771 419 3834 per
440 3771 513 3834 quae
537 3752 625 3816 inter
647 3753 814 3818 ministros
829 3759 957 3818 nostros
978 3759 1012 3818 et
1026 3754 1150 3840 priores
1173 3759 1208 3819 et
1229 3761 1411 3821 conventus

360 3851 535 3936 praedictos
566 3855 676 3940 plures
710 3856 902 3921 oriebantur
936 3857 1161 3923 contentiones
1195 3862 1229 3922 et
1261 3857 1352 3936 rixae,
1376 3863 1410 3922 et

358 3956 423 4020 alia
437 3955 532 4042 plura
546 3957 691 4042 pericula
706 3959 839 4044 utrique
855 3959 942 4045 parti
958 3957 1149 4023 multotiens
1172 3957 1409 4040 imminebant3

359 4079 429 4136 nos,
445 4058 593 4123 volentes
617 4059 779 4124 dictorum
802 4060 919 4145 prioris
942 4065 976 4125 et
1009 4066 1190 4125 conventus
1223 4061 1409 4146 quietudini

361 4161 398 4226 in
420 4159 483 4226 hac
505 4167 608 4246 parte,
623 4161 813 4247 hujusmodi
834 4162 946 4227 litium
969 4163 1116 4228 materiis
1139 4164 1271 4250 penitus
1293 4186 1409 4250 ampu-

359 4264 449 4342 tatis,
472 4267 611 4350 paterna
633 4263 805 4329 affectione
827 4265 1018 4351 prospicere,
1034 4270 1068 4330 et
1089 4267 1243 4352 praefatas
1266 4265 1410 4331 obscuri·

360 4371 446 4430 tates
477 4367 581 4431 dictas
604 4366 680 4431 lites
702 4372 879 4453 gravantes
901 4367 1043 4433 lucidius
1066 4368 1239 4446 declarare,
1263 4369 1410 4434 concedi-

359 4490 440 4545 muS,
464 4489 522 4554 pro
545 4467 640 4533 nobis
663 4473 697 4533 et
719 4469 955 4535 successoribus
977 4470 1107 4547 nostris,
1137 4476 1171 4534 et
1193 4475 1307 4535 tenore
1329 4493 1411 4555 prae·

360 4569 504 4634 sentium
527 4570 738 4651 declaramus,
755 4571 844 4655 quod
859 4570 1057 4656 ubicumque
1072 4571 1243 4659 contingat
1266 4573 1411 4660 aliquem

359 4673 400 4736 de
422 4671 614 4737 homiuibus
637 4678 671 4738 et
701 4672 893 4738 tenentibus·
924 4672 1086 4739 dictorum
1120 4674 1237 4761 prioris
1272 4682 1306 4742 et
1335 4697 1410 4743 con-
