3562 5714
395 761 459 824 892
575 773 773 824 ιιιιιιιιιιιι
795 769 996 822 ιιιιιιιιιιιι
1019 769 1262 820 ιιιιιιιιιιιιιιιι.

240 980 296 1024 ιιι.
303 983 361 1026 rur.
392 960 495 1026 habet
515 959 635 1024 laicum
658 957 790 1022 feodum
821 978 879 1042 per
901 958 990 1042 quod
1016 956 1169 1042 distringi
1201 961 1320 1042 potest,
1343 957 1490 1040 proutsn
1491 976 1612 1032 amm.

392 1062 570 1127 vicecomes
608 1065 718 1125 noster
755 1058 930 1124 comitatus
967 1057 1215 1124 Northumbriae
1256 1056 1441 1122 returnavit

392 1185 500 1229 coram
522 1160 700 1227 baronibus
722 1160 763 1224 de
787 1159 953 1225 Scaccario
974 1165 1096 1236 nostro,
1111 1160 1200 1244 apud
1220 1158 1441 1223 westmonas-

393 1263 521 1344 terium,
537 1263 573 1327 in
595 1261 736 1327 crastino
760 1261 874 1326 Sancti
890 1259 1059 1326 Michaelis
1081 1260 1231 1347 proximo
1253 1257 1442 1345 prseterit03

393 1365 487 1430 vobis
510 1363 713 1442 mandamus,
729 1361 817 1447 quod
842 1363 948 1447 ipsum
976 1361 1181 1447 distringatis
1204 1383 1262 1447 per
1283 1359 1443 1426 beneficia

392 1489 452 1532 sua
474 1465 696 1543 ecclesiastica,
712 1485 786 1548 quas
808 1463 910 1528 habet
932 1462 968 1526 in
993 1463 1127 1529 dioecesi
1149 1468 1268 1542 vestra,
1290 1463 1340 1527 ita
1354 1460 1441 1547 quod

393 1568 437 1634 sit
460 1588 567 1632 coram
589 1565 735 1652 praefatis
758 1564 933 1630 baronibus
955 1565 1084 1644 nostris,
1112 1565 1201 1650 apud
1223 1564 1444 1630 Westmonas·

392 1669 523 1746 terium,
545 1667 582 1731 in
613 1669 755 1732 crastino
787 1665 901 1730 Sancti
935 1665 1080 1746 Hillarii,
1103 1667 1146 1730 ad
1179 1665 1442 1752 respondendum

394 1770 514 1836 dilecto
537 1774 571 1833 et
592 1767 684 1832 fideli
705 1772 826 1845 nostro,
850 1765 996 1832 Johanni
1027 1767 1069 1830 de
1095 1766 1344 1854 Merkyngfeld',
1368 1789 1443 1832 oan-

394 1871 525 1937 cellario
557 1869 597 1933 de
620 1869 732 1933 eodem
756 1868 920 1934 Scaocario
943 1873 1064 1949 nostro,
1088 1869 1234 1936 Johanni
1255 1869 1443 1954 Fraunceys

395 1979 430 2038 et
451 1971 547 2037 sociis
570 1968 646 2047 suis,
661 1970 890 2035 executoribus
913 1971 1104 2034 testamenti
1129 1969 1286 2034 Willelmi
1308 1970 1348 2034 de
1371 1971 1442 2035 Ha·

395 2073 532 2138 meldon’
556 2070 711 2146 defuncti,
735 2092 801 2136 una
820 2092 894 2135 cum
910 2070 1077 2136 Willelmo
1100 2071 1241 2148 Minert',
1256 2071 1296 2135 de
1319 2071 1441 2136 Steun-

394 2175 484 2249 fcrd',
501 2174 559 2258 qui
574 2173 713 2238 eundem
729 2172 815 2236 diem
830 2171 963 2249 habent,
979 2173 1018 2237 de
1035 2178 1108 2237 octo
1130 2172 1231 2250 libris,
1246 2195 1327 2258 quas
1343 2172 1441 2237 debet

395 2278 483 2341 dicto
506 2274 669 2353 defuneto,
693 2279 732 2338 ut
754 2274 854 2340 iidem
878 2280 1068 2340 executores
1090 2274 1214 2353 dicunt,
1236 2276 1322 2340 siout
1343 2274 1443 2340 ratic-

395 2376 550 2443 nabiliter
588 2379 768 2442 monstrare
805 2381 969 2461 poterunt,
1007 2376 1095 2461 quod
1133 2375 1211 2441 inde
1249 2376 1443 2462 respondere

396 2479 503 2544 debet.
558 2477 604 2541 Et
626 2477 806 2542 remittatis
829 2477 885 2559 ibi,
909 2498 968 2562 per
990 2477 1132 2562 aliquem
1155 2477 1196 2542 de
1218 2479 1346 2560 vestris,
1362 2483 1442 2544 tunc

396 2579 457 2644 hoc
480 2579 585 2644 breve.
634 2579 739 2656 Teste,
766 2578 817 2644 W
842 2578 882 2643 de
910 2578 1086 2671 Norwyco
1109 2579 1198 2694 apud
1220 2578 1442 2646 Wcstmonas-

396 2679 524 2756 terium,
548 2678 607 2763 xjo.
643 2678 696 2743 die
728 2678 926 2756 Decembris,
956 2699 1044 2744 anno
1075 2681 1168 2766 regni
1201 2683 1310 2747 nostri
1339 2687 1441 2748 sexto.

397 2780 460 2844 Per
480 2779 580 2844 breve
603 2780 644 2844 de
666 2779 797 2864 privato
819 2779 921 2866 signo.

642 2984 738 3049 Istud
776 2985 874 3050 breve
912 2985 1089 3052 liberatum
1126 2987 1190 3053 fuit
1228 2989 1331 3069 nobis,
1354 2991 1441 3076 apud

511 3065 783 3170 m'jliykhale
787 3092 870 3152 uxta
899 3087 1098 3169 Selleby,1n
1128 3091 1272 3156 crastino
1299 3093 1443 3178 Epipha-

397 3181 479 3262 niee3
513 3203 572 3246 nec
602 3186 769 3270 potuimus
798 3187 881 3253 illud
915 3192 1034 3276 exequi
1065 3191 1152 3256 infra
1182 3193 1302 3257 diem
1293 3215 1329 3257 m
1352 3194 1443 3258 brevi

397 3287 596 3364 contentum,
622 3293 752 3372 propter
774 3291 931 3375 temporis
955 3293 1160 3360 brevitatem.

227 3500 374 3596 mtkffi'h
397 3532 465 3580 Brev
435 3533 548 3595 ,W
571 3547 605 3582 e
605 3547 663 3582 m,
741 3493 934 3572 Edwardus,
967 3496 1030 3561 Dei
1062 3499 1178 3584 gratia,
1211 3521 1270 3564 rex
1302 3501 1444 3586 Angliae,

228 3554 374 3646 insuti?
354 3596 494 3647 ιιιοιιιιιι
510 3599 544 3648 do
528 3597 605 3647 emim
598 3598 662 3652 ἰιι
696 3595 848 3660 dominus
871 3596 1050 3676 Hiberniae,
1081 3605 1115 3664 et
1144 3599 1214 3665 dux
1244 3602 1444 3686 Aquitaniae,

100 3718 103 3724 ·
219 3651 335 3795 {ssiwkrdk
397 3661 529 3712 ¹¹²³¹³¹⁸
466 3663 661 3728 munerum
694 3697 898 3761 venerabili'
889 3720 925 3761 m
941 3698 1073 3764 Christo
1088 3703 1185 3786 patri,
1200 3701 1312 3768 eadem
1327 3705 1443 3790 gratis,

399 3793 579 3879 [Ricardo]
613 3796 761 3882 episeopo
792 3795 1016 3878 Dunolmensi,
1054 3802 1201 3868 sulutem.
1263 3803 1350 3883 Quia
1386 3825 1445 3890 per

397 3895 692 3982 manucaptionem,
724 3921 824 3984 quam
846 3907 1035 3967 executores
1061 3907 1251 3970 testamenti
1281 3906 1445 3972 Jchaunis

396 3997 437 4061 de
461 3995 766 4084 Berwyco,cle1ici,
785 4001 855 4084 jam
887 4002 1041 4083 defuncti,
1066 4005 1123 4090 qui
1153 4006 1248 4071 nobis
1270 4009 1445 4073 tenebatur

397 4100 433 4162 in
455 4099 592 4164 diversis
614 4099 744 4179 debitis,
768 4101 822 4166 die
844 4123 909 4186 quo
939 4104 1030 4184 obiit,
1053 4104 1254 4173 invenerunt
1283 4109 1380 4174 nobis
1401 4109 1444 4173 ad

398 4199 599 4264 Scacearium
624 4207 781 4280 nostrum,
796 4203 838 4267 ed
853 4204 1053 4269 reddendum
1071 4207 1166 4272 nobis
1188 4209 1310 4274 ibidem
1334 4211 1445 4294 omnia

397 4301 519 4378 debita,
551 4323 624 4386 quae
656 4302 743 4367 idem
779 4303 952 4370 defunctus
987 4307 1081 4371 nobis
1113 4308 1237 4387 debuit,
1269 4312 1357 4376 dicto
1391 4312 1444 4377 die

397 4422 462 4486 quo
493 4402 584 4480 obiit,
608 4411 770 4486 quatenus
799 4405 887 4471 bona
917 4415 951 4471 et
982 4409 1109 4486 catella,
1131 4433 1205 4496 quae
1228 4434 1288 4478 sua
1309 4415 1444 4480 fuerunt

398 4501 486 4565 dicto
502 4503 555 4566 die
578 4524 642 4587 quo
666 4505 759 4584 obiit,
780 4510 814 4570 et
836 4528 910 4591 quae
933 4507 974 4572 ad
998 4531 1115 4575 manus
1129 4512 1306 4578 eorundem
1329 4535 1445 4580 execu-

399 4607 508 4665 turum
531 4603 734 4684 devenerint,
756 4607 920 4674 sufficiant
932 4633 940 4688 ;
970 4611 1186 4678 concessimus
1213 4614 1333 4681 eisdem
1369 4638 1444 4684 exe·
