3564 5744
392 777 479 840 1084
572 787 770 840 nuo1srnmr
793 788 996 841 Pfflrlm
1017 787 1258 840 ememor.

238 978 359 1026 Amm-
388 995 447 1060 per
481 971 620 1051 Scottus,
643 971 791 1068 totaliter
822 979 857 1039 et
889 978 1092 1059 consumpta,
1113 973 1199 1038 siout
1228 972 1310 1038 alies
1333 979 1435 1038 retor-
1448 982 1617 1037 earnm

388 1075 551 1155 nevimus,
573 1095 634 1139 nec
655 1073 876 1140 inveniuntur
897 1074 933 1138 in
955 1075 1077 1140 eisdem
1109 1073 1177 1140 alie
1198 1073 1285 1139 bene
1307 1095 1438 1159 seques-

387 1175 515 1254 tranda
538 1180 659 1262 praeter
680 1173 806 1240 fruetus
837 1175 1017 1240 existentes
1039 1176 1077 1241 in
1099 1175 1178 1255 solo,
1201 1195 1284 1260 quos
1308 1196 1437 1260 seques-

388 1278 557 1344 travimus.
581 1277 637 1341 Ad
652 1275 801 1343 eeclesias
809 1297 889 1341 vero
904 1277 945 1341 de
960 1275 1149 1362 Ovingham
1164 1281 1198 1341 et
1212 1277 1436 1362 Hautewysel'

387 1399 455 1444 non
477 1379 578 1444 audet
600 1377 721 1464 uliquis
743 1377 969 1442 ministrorum
995 1383 1180 1444 nostrorum
1211 1377 1370 1457 aooedere,
1392 1378 1436 1444 ed

388 1477 808 1565 eliquamjurisdiotionem
824 1477 1048 1557 exercendam,
1057 1483 1190 1565 propter
1204 1483 1330 1544 metum
1342 1477 1435 1544 Soet-

388 1586 506 1659 torum,
529 1599 589 1645 nee
625 1584 706 1643 sunt
742 1577 865 1646 ibidem
903 1578 1091 1665 parochiani
1128 1579 1232 1664 aliqui
1270 1579 1435 1666 degentes

388 1681 451 1746 Pro
482 1699 620 1767 persona
650 1679 793 1746 eeclesiae
824 1679 866 1744 de
901 1679 1083 1767 Seggefeld'
1117 1681 1216 1746 breve
1245 1680 1434 1767 reeepimus,

387 1781 474 1867 quod
505 1785 709 1866 sequestrum
743 1780 977 1866 interpositum
1011 1780 1047 1846 in
1079 1781 1176 1846 bonis
1197 1781 1309 1866 ipsius,
1332 1801 1436 1866 usque

388 1883 431 1948 ad
452 1903 597 1948 mensem
613 1880 746 1948 Paeohae
769 1881 886 1946 ultimo
901 1881 1058 1967 elapsum,
1073 1881 1293 1972 relaxaremus
1307 1907 1315 1963 ;
1338 1881 1434 1968 quod,

387 1983 431 2050 ed
452 1983 646 2050 mandatum
668 1987 825 2060 vestrum,
840 1981 984 2048 fecimus
1030 1981 1077 2046 Et
1105 2003 1195 2048 nune
1216 2003 1284 2048 nou
1305 1983 1435 2047 inveni-

387 2089 490 2152 untur
527 2083 562 2149 in
600 2083 715 2150 eadem
752 2081 887 2148 eeclesia
920 2083 1008 2148 bone
1044 2083 1156 2167 alique
1189 2083 1432 2170 sequestranda

386 2191 508 2272 praeter
540 2186 628 2252 bona
649 2185 692 2250 ad
723 2183 904 2250 valentiam
938 2183 1026 2261 xie,
1049 2188 1083 2251 et
1104 2183 1233 2251 fruetus
1255 2185 1435 2251 existentes

387 2290 420 2353 in
445 2288 522 2366 solo,
545 2307 627 2374 ques
649 2286 934 2372 sequestravimus

385 2535 660 2656 seuseu
693 2487 1437 2676 sllli‘di'tlfftfiiemlqiblit

386 2671 462 2720 ''¹²¹¹''
691 2690 870 2756 venerabili
906 2689 943 2754 in
980 2689 1113 2756 Christe
1149 2691 1247 2777 patri,
1286 2691 1437 2773 Rioerdo,

387 2793 500 2858 eedem
530 2791 647 2879 grstia,
678 2793 827 2879 episeopo
856 2790 1081 2871 Dunolmensi,
1104 2792 1252 2860 sulutem.
1298 2793 1435 2860 Menda-

386 2914 459 2958 mus
491 2894 593 2970 vobis,
626 2893 714 2978 quod
746 2893 786 2957 de
820 2891 941 2957 debitis
974 2913 1049 2979 quae
1079 2893 1174 2958 nobis
1207 2894 1369 2960 debentur
1399 2897 1436 2960 in

386 2994 574 3081 episoopatu
596 2999 706 3059 vestro
728 2992 893 3080 predicto,
916 2992 957 3058 de
980 2993 1125 3060 subsidio
1146 2995 1333 3061 medietatis
1355 2997 1436 3062 eele-

385 3095 454 3160 bris
475 3095 649 3176 memoriae,
665 3095 798 3161 domino
820 3095 993 3172 Eduardo,
1016 3097 1182 3181 quondam
1204 3097 1274 3184 regi
1296 3097 1436 3185 Angliee,

384 3195 472 3284 petri
502 3200 666 3274 nostroe
699 3195 784 3262 clero
816 3195 942 3261 dudum
974 3217 1141 3276 ooneessae,
1163 3197 1200 3261 in
1231 3199 1344 3264 eodem
1366 3200 1435 3286 epi-

384 3303 681 3385 scopulusque
703 3295 807 3375 vobis,
829 3319 888 3384 per
910 3295 1001 3361 aliud
1035 3299 1136 3363 breve
1168 3304 1318 3364 nostrum
1340 3301 1435 3366 vobis

383 3398 613 3465 mandavimus
634 3398 753 3475 levare,
787 3398 828 3462 de
854 3397 948 3463 bonis
974 3397 1202 3470 eeclesiastiois
1232 3401 1435 3466 diversorum

383 3499 569 3566 debitorum
611 3499 670 3564 illa
707 3498 909 3579 debentium,
956 3498 1078 3564 hebere
1123 3499 1252 3566 faeiatis
1296 3501 1436 3569 indilate

384 3599 557 3666 Fratribus
602 3597 787 3666 Minoribus
833 3598 983 3678 Oxoniae,
1030 3599 1141 3666 deoem
1186 3623 1321 3680 mareas,
1354 3605 1436 3670 reei-

384 3702 510 3788 pientes
544 3700 587 3767 eb
619 3701 742 3766 eisdem
766 3700 948 3781 Fratribus,
973 3701 1027 3766 vel
1058 3723 1170 3768 eorum
1201 3709 1377 3784 attornato,
1400 3705 1437 3771 in

383 3803 445 3868 hae
476 3805 577 3888 perte,
600 3801 728 3867 tulliam
759 3802 800 3868 de
833 3800 1000 3868 Seeomrio
1029 3808 1148 3884 nostro,
1171 3805 1304 3871 nomine
1326 3811 1436 3872 vestro

382 3904 535 3982 levatam,
566 3924 728 3971 summam
758 3903 949 3990 praedietsm
981 3903 1224 3987 oontinentem3
1246 3928 1305 3994 per
1335 3929 1435 3994 quam

383 4011 453 4070 tam
475 4004 569 4071 vobis
599 4025 699 4090 quem
734 4004 837 4091 priori
860 4004 1087 4084 Dunolmensi,
1110 4007 1274 4074 collectori
1296 4009 1436 4076 subsidii

383 4106 542 4192 predicti,
579 4106 726 4171 debitem
764 4105 842 4171 iude
878 4106 1107 4174 adorationem
1141 4107 1184 4174 ed
1229 4107 1435 4176 Soreoerium

383 4213 532 4272 nostrum
555 4207 628 4273 fieri
649 4206 815 4274 faciemus.
859 4207 965 4286 Teste,
988 4206 1032 4274 Η.
1063 4207 1322 4292 desSteunton’,
1345 4213 1435 4298 opud

383 4308 722 4388 westmonasterium,
737 4304 860 4393 xxiiij0.
883 4307 937 4374 die
952 4307 1087 4395 Aprilis,
1102 4330 1189 4375 anno
1212 4313 1306 4398 regni
1328 4316 1435 4381 nostri

383 4415 507 4476 octove.
1391 4411 1394 4416 ’

428 4511 491 4576 Per
536 4531 636 4577 unam
673 4510 800 4576 tulliam
847 4511 907 4575 de·
926 4509 1101 4590 Seaecerio,
1138 4513 1364 4581 continentem
1402 4539 1434 4584 x.

383 4632 515 4678 meroes.
