3566 5712
496 809 499 816 ¹
529 747 728 799 nemereus
750 747 952 802 rmnrmun
975 749 1216 800 nunsnnnuss.
1332 734 1397 803 807

182 950 337 1004 insenos
349 934 567 1023 promotionis
605 939 822 1022 augmentum
860 955 922 1000 nos
959 933 1142 1020 specialiter
1173 933 1323 1000 excitent
1360 941 1394 1000 et
1427 935 1559 990 ιιι-ιιι-Ι

349 1038 521 1104 inducunt
568 1037 658 1102 Hine
691 1041 752 1114 est,
774 1034 862 1121 quod
895 1035 1092 1101 decanatum
1126 1036 1267 1102 eoolesise
1301 1036 1394 1102 colle·

348 1140 449 1228 giutae
462 1139 574 1219 Oestr’,
587 1160 646 1227 per
660 1143 800 1204 mortem
809 1137 959 1224 magistri
976 1136 1135 1202 Willelmi
1151 1137 1191 1202 de
1202 1136 1394 1216 Merkelen',

348 1263 455 1330 nuper
477 1241 593 1307 deceni
616 1239 773 1326 ejusdem,
799 1243 982 1318 recentem,
1006 1238 1104 1303 etad
1127 1243 1275 1304 nostrem
1297 1239 1394 1304 oolla-

346 1344 471 1408 tionem
486 1344 584 1430 pleno
602 1341 680 1428 jure
702 1346 914 1429 spectantem,
930 1341 1004 1420 tibi,
1018 1362 1092 1406 oum
1115 1363 1212 1406 onere
1226 1346 1393 1427 perpetuae

347 1444 544 1522 residentiae,
581 1449 616 1510 et
646 1443 789 1510 'caeteris
821 1465 897 1528 quae
942 1441 1149 1522 incumbunt,
1187 1442 1393 1521 conferimus,

345 1546 473 1611 intuitu
504 1545 663 1625 caritatis,
689 1548 787 1630 teque
817 1545 858 1610 de
881 1544 993 1630 eodem
1029 1544 1191 1609 decanatu
1213 1565 1289 1610 oum
1323 1545 1392 1608 suis

342 1647 473 1731 juribus
499 1651 535 1712 et
568 1646 790 1732 pertinentiis,
812 1645 1066 1732 praesentialiter
1097 1644 1301 1710 investimus
1348 1644 1391 1708 Ιιι

343 1748 436 1834 eujus
451 1748 499 1813 rei
521 1747 760 1824 testimonium,
787 1747 846 1812 has
868 1746 982 1813 literas
1003 1751 1133 1812 nostres
1154 1746 1226 1811 fieri
1251 1745 1390 1812 fecimus

343 1854 504 1936 patentes,
538 1847 639 1935 sigilli
669 1847 775 1914 nostri
807 1846 988 1912 munimine
1024 1847 1202 1914 roboratas.
1264 1846 1389 1912 Datum

343 1952 432 2038 apud
459 1949 613 2037 Rychsle‚
638 1987 727 1998 --
749 1948 804 2014 die
826 1948 916 2026 Maii,
939 1970 1026 2022 enno
1049 1948 1185 2013 Domini
1214 1947 1388 2013 millesimo

342 2067 418 2120 eco⁰.
441 2051 663 2119 sextodecimo
686 2057 722 2116 et
744 2050 997 2116 consecrationis
1018 2071 1078 2114 nos
1080 2053 1142 2114 tree
1164 2050 1290 2135 quinto.

652 2216 749 2298 Quod
776 2217 916 2303 septimo
937 2216 991 2281 die
1012 2216 1037 2282 J
1039 2237 1118 2293 unu
1141 2237 1228 2281 enno
1252 2217 1388 2283 Domini
1403 2245 1479 2289 uerno
1442 2257 1530 2292 mom.

340 2287 574 2339 uenerandum-
606 2318 783 2384 millesimo
820 2317 1052 2383 trecentesimo
1090 2317 1321 2400 sextodecimo,
1354 2295 1417 2385 et
1402 2308 1500 2440 seips
1477 2299 1558 2394 tlt·

340 2420 590 2487 consecrationis
605 2425 728 2486 nostrae
750 2424 856 2499 sexto,
872 2419 961 2506 apud
983 2419 1178 2496 Eboracum,
1193 2407 1427 2486 mendetumln
1402 2397 1523 2492 miiaiin
1493 2403 1559 2445 ⁰³⁰⁸

339 2522 404 2590 fuit
425 2522 654 2589 archidiacono
676 2521 907 2599 Dunolmensi,
932 2521 1033 2586 vele
1016 2521 1086 2606 ejus
1117 2522 1225 2586 locum
1248 2525 1387 2604 tenenti,
1401 2546 1429 2589 ιι
1403 2495 1523 2592 effi
1498 2501 1548 2544 Μ’

340 2626 429 2710 quod
442 2615 637 2741 praediotum
652 2625 849 2710 magistrum
865 2622 1058 2703 Robertum,
1074 2622 1129 2687 vel
1143 2596 1417 2709 procuratorem
1417 2609 1506 2652 enos.

339 2728 418 2812 ejus,
450 2728 486 2791 in
510 2724 624 2792 eodem
657 2724 830 2803 decanatu,
863 2745 938 2788 oum
968 2724 1037 2789 suis
1063 2721 1197 2808 juribus
1218 2731 1253 2792 et
1283 2729 1385 2813 perti-

338 2828 462 2895 nentiis
502 2827 674 2905 universis,
702 2827 883 2903 induceret,
912 2831 948 2891 et
979 2825 1156 2893 inductum
1186 2828 1387 2916 defenderet,

339 2931 427 2998 siout
449 2930 551 2996 decet

339 3097 570 3152 Oolntioecelenae
649 3065 820 3144 Riccrdus,
851 3065 1066 3152 permissione
1100 3067 1513 3147 divina,Dunol-r-1c

337 3167 484 3218 deWermu
484 3166 529 3216 ιδ’·
603 3169 725 3233 mensis
761 3168 939 3254 episeopus,
978 3167 1098 3234 dilecto
1134 3169 1214 3252 filie,
1252 3139 1546 3238 dominoiltllt‘l‘

300 3317 305 3332 .
338 3267 503 3334 Willelmo
537 3268 578 3334 de
601 3270 826 3356 Ayremynne,
849 3269 973 3350 clerice,
1003 3270 1153 3349 salutem,
1176 3272 1319 3357 gretiam
1350 3281 1386 3340 et
1399 3241 1530 3335 ethim

336 3369 608 3438 benedictionem.
654 3373 745 3438 Vitae
771 3372 985 3449 conversatio,
1010 3394 1138 3437 morum
1160 3373 1325 3454 honestes,
1352 3382 1386 3442 et
1398 3341 1493 3436 Wur‘il²
1493 3345 1528 3442 ti

336 3471 505 3540 literarum
528 3474 659 3561 peritis,
680 3480 716 3540 te
739 3472 916 3538 reddunt'
906 3495 944 3537 ιιι
966 3478 1145 3559 conspeetu
1167 3479 1280 3540 nostro
1303 3445 1551 3543 edeolioeiil'iot

334 3575 527 3661 gretiosum,
572 3581 612 3642 ut
649 3576 691 3642 ed
729 3573 862 3641 honoris
906 3575 958 3640 tui
995 3578 1151 3661 augment
1152 3597 1209 3640 um
1247 3577 1386 3644 excitari
1397 3541 1545 3688 imbig‘lep

335 3678 454 3743 merito
488 3678 676 3746 debeamus.
720 3677 797 3743 Tibi
829 3675 935 3763 igitur
967 3676 1135 3742 eeclesiam
1166 3643 1460 3766 parochialemrecto
1397 3703 1465 3738 me
1540 3656 1553 3688 Β

335 3778 377 3843 de
408 3778 602 3859 Wermuth',
625 3785 798 3847 vocantem
821 3799 880 3867 per
901 3785 1041 3845 mortem
1063 3779 1189 3846 domini
1220 3782 1243 3847 J
1245 3783 1384 3851 ohenms

336 3879 377 3944 de
415 3881 553 3968 Orreby,
594 3904 700 3969 nuper
737 3881 874 3948 rectoris
910 3881 1065 3967 ejusdem,
1088 3889 1123 3948 et
1160 3883 1202 3947 ed
1236 3892 1384 3952 nostram

334 3983 545 4050 collationem
560 3985 658 4071 pleno
668 3985 745 4071 J’ure
761 3988 975 4072 spectantem,
987 4005 1059 4049 eum
1076 3984 1240 4051 universis
1252 3987 1383 4073 juribus

334 4086 412 4164 suis,
443 4091 478 4152 et
500 4087 718 4173 pertinentiis,
745 4086 810 4153 tibi
832 4085 1037 4164 conferimus,
1067 4087 1193 4153 intuitu
1224 4090 1382 4170 caritatis,

334 4193 433 4275 teque
449 4189 490 4256 de
514 4189 647 4267 eisdem,
669 4211 729 4276 per
750 4193 930 4276 preesentes
952 4188 1074 4267 literas,
1089 4188 1296 4258 investimus.
1341 4195 1383 4260 In

333 4301 426 4389 cujus
463 4296 512 4363 rei
534 4293 772 4372 testimonium,
801 4292 946 4379 sigillum
980 4297 1133 4360 nostrum
1164 4303 1381 4383 praesentibus

334 4405 492 4471 duximus
525 4397 767 4486 opponendum.
813 4397 939 4461 Datum
973 4396 1061 4483 opud
1100 4399 1246 4482 Richale,
1272 4405 1381 4491 xxvjo.

333 4507 387 4574 die
409 4508 432 4573 J
434 4505 514 4581 unii,
536 4524 624 4567 enno
646 4499 782 4566 Domini
805 4499 976 4565 millesimo
993 4514 1070 4570 eoo).
1093 4504 1323 4587 sextodecimo,
1346 4515 1381 4574 et

333 4611 585 4678 consecrationis
608 4614 731 4676 nostrie
754 4614 856 4675 sexto.
990 4613 991 4618 ’
