3570 5718
501 823 700 878 eremmon
722 823 924 878 ramrmun
947 827 1190 879 nurmnmss
1305 817 1368 880 901

151 1019 309 1079 Melam
366 1007 532 1079 Portionis
561 1035 634 1099 quae
665 1013 731 1079 fuit
764 1014 921 1080 Willelmi
953 1016 994 1082 de
1027 1014 1227 1104 Brompton',
1253 1017 1289 1082 in
1321 1039 1371 1084 ec·
1399 1031 1454 1077 tl),
1464 1035 1523 1076 1³12·

320 1113 417 1178 alesia
449 1114 560 1194 cestr,
582 1115 663 1181 alias
695 1117 973 1201 sequestravimus
1002 1118 1088 1184 bone
1118 1119 1161 1185 ad
1192 1119 1370 1186 valentiam

320 1213 384 1290 ta,
414 1216 458 1280 ad
490 1237 564 1302 quae
597 1216 745 1282 nondum
768 1217 958 1282 invenimus
988 1225 1172 1306 emptorem
1194 1242 1255 1286 nec
1278 1221 1373 1306 plura

320 1315 410 1382 bona
431 1318 539 1384 adhuc
560 1325 640 1384 sunt
662 1319 710 1384 ibi
733 1319 879 1384 inventa

366 1417 417 1482 De
438 1419 590 1504 portione
613 1441 688 1506 quae
710 1420 883 1486 dicebatur
904 1420 1003 1487 fuisse
1021 1421 1190 1489 «iohannis
1217 1423 1261 1488 de
1291 1424 1372 1490 Bra-

321 1517 439 1584 bancia
460 1520 496 1584 in
520 1522 654 1588 ecclesia
677 1519 791 1600 Oestr’,
808 1523 893 1587 nihil
909 1545 1081 1609 possumus
1096 1523 1145 1589 ibi
1167 1529 1372 1610 sequestrare

322 1619 514 1715 vellavum,
545 1624 633 1709 quod
662 1645 834 1709 nunquam
867 1625 932 1690 fuit
960 1622 1206 1710 praebendarius
1228 1625 1373 1705 ibidem;

321 1722 378 1787 sed
399 1722 518 1792 habuit
532 1726 698 1810 quandam
715 1725 926 1812 praebendam
950 1726 985 1790 in
1008 1727 1141 1792 ecclesia
1164 1728 1206 1792 de
1229 1725 1370 1805 Norton,

322 1824 363 1888 de
385 1845 453 1910 qua
474 1847 574 1912 supra
595 1848 786 1914 responsum
810 1832 868 1894 est.

322 2022 402 2072 Breve
421 2021 487 2087 regi·
503 2037 550 2086 pm
634 1979 828 2059 Edwardus,
850 1947 921 2046 Dei
936 1981 1053 2068 gretie,
1075 2002 1135 2046 rex
1159 1981 1297 2068 Angliee,
1314 1983 1371 2048 do·
1384 2001 1532 2096 rehem,

322 2087 550 2201 ffewredeQuic-
591 2083 700 2146 minus
745 2081 927 2159 Hiberniae,
976 2087 1010 2146 et
1055 2081 1126 2146 dux
1170 2082 1498 2204 Aqffitffliae’fflffi

340 2167 390 2202 sm.
591 2181 773 2248 venerabili
819 2183 855 2246 in
901 2183 1047 2248 Christo.
1078 2183 1175 2268 patri,
1223 2182 1373 2263 Ricardo,
1500 2181 1507 2196 ⁹

323 2285 435 2350 eadem
473 2285 590 2372 gratia,
635 2283 785 2370 episcopo
831 2283 1054 2363 Dunolmensi,
1086 2285 1139 2348 vel
1178 2283 1249 2369 ejus
1286 2285 1374 2350 vices

323 2385 460 2471 gerenti,
490 2387 639 2451 salutem.
686 2383 885 2449 Mandamus
915 2385 1017 2464 vobis,
1042 2383 1130 2469 quod
1158 2385 1373 2464 exactionem,

271 2523 276 2532 ·
324 2507 432 2570 quam,
466 2485 510 2551 ad
544 2485 738 2551 mandatum
760 2489 919 2561 nostrum,
958 2485 1029 2549 fieri
1062 2483 1177 2550 'facitis
1214 2485 1374 2572 magistro

324 2586 468 2653 Roberto
491 2586 533 2652 de
555 2586 704 2664 Baidok',
726 2608 874 2673 personae
898 2585 1041 2652 ecclesim
1071 2587 1111 2651 de
1136 2585 1307 2666 Quichem,
1331 2587 1374 2652 de

324 2710 355 2753 x.
368 2685 404 2752 li.
439 2709 513 2774 quae
546 2689 642 2753 nobis
657 2681 845 2766 'debentur
878 2687 919 2752 de
957 2685 1090 2752 ecclesia
1127 2687 1293 2774 predicta,
1332 2687 1373 2754 de

323 2788 469 2855 subsidio
498 2789 685 2855 medietatis
714 2789 849 2854 domino
887 2787 1059 2868 Edwardo,
1097 2789 1264 2873 quondam
1303 2789 1373 2877 regi

323 2890 463 2978 Angliae,
485 2891 573 2976 patri
595 2895 717 2970 nostro,
741 2911 762 2955 a
784 2891 868 2955 clerc
891 2889 1018 2955 dudum
1048 2909 1215 2968 concessae,
1237 2891 1275 2954 in
1304 2891 1374 2978 epi·

323 2996 459 3077 scopatu
481 2996 591 3056 vestm
613 2991 779 3078 praedicto,
795 2989 928 3077 ponatis
949 2991 986 3054 in
1008 2995 1190 3077 respectum
1205 3013 1308 3078 usque
1330 2993 1373 3057 ad

323 3095 524 3181 quindenam
546 3092 662 3159 Sancti
685 3091 808 3157 Hiiiari
832 3091 981 3178 proximo
1003 3091 1172 3172 futuram
1195 3097 1230 3158 et
1244 3113 1374 3178 seques·

324 3203 421 3275 trum,
445 3195 583 3280 siquod
605 3195 642 3258 in
664 3193 800 3260 eeclesia
821 3215 881 3258 sua
902 3193 1062 3280 praedicte
1082 3193 1214 3280 apponi,
1238 3215 1295 3260 seu
1318 3216 1374 3260 ex-

324 3296 626 3363 communicationis
671 3295 879 3374 sententiam,
918 3295 945 3358 si
991 3313 1090 3381 quam
1128 3295 1165 3368 in
1202 3315 1375 3380 personam

324 3399 426 3486 ipsius
448 3397 597 3484 magistri
622 3397 762 3462 Roberti
790 3419 828 3462 ea
860 3397 1028 3462 occasione
1058 3393 1260 3482 promulgari
1292 3395 1376 3459 fece-

323 3501 407 3579 rit-is,
438 3498 573 3564 interim
603 3498 746 3564 relaxari
780 3498 910 3564 faciatis
947 3497 1062 3563 eidem.
1122 3495 1228 3573 Teste,
1250 3495 1301 3562 W.
1332 3498 1374 3561 de

325 3600 499 3686 Norwym,
523 3600 612 3686 apud
646 3598 988 3676 westmonasterium,
1010 3594 1104 3684 xxij0.
1137 3597 1191 3662 die
1214 3597 1374 3677 Octobris,

324 3723 411 3767 anno
433 3701 526 3787 regni
547 3699 650 3764 nostri
672 3697 884 3767 sexto-Per
905 3699 1050 3765 barones.

370 3800 458 3880 Quia
478 3799 604 3865 denarii
626 3800 779 3887 praedicti
802 3801 966 3866 debentur
988 3800 1029 3865 de
1044 3804 1193 3885 tempore
1214 3822 1281 3886 quo
1304 3801 1523 3895 mamm

324 3904 427 3988 gister
442 3901 600 3967 Ricordus
623 3901 664 3968 de
687 3901 853 3988 Leycestr’
876 3901 941 3966 fuit
956 3921 1096 3988 persona
1125 3901 1267 3967 ecclesiae
1290 3899 1523 3987 prae-W'fli·

324 4005 430 4082 dictae,
445 4008 484 4069 ut
505 4003 592 4068 idem
615 4002 772 4090 magister
795 4001 959 4068 Robertus
982 4003 1086 4082 dicit;
1108 4007 1143 4067 et
1159 4001 1376 4089 ‘prosequitur

324 4106 366 4170 ed
389 4104 590 4170 Scaeoerium
613 4124 728 4169 versus
751 4103 944 4190 praedictum
969 4102 1163 4188 magistrum
1186 4101 1374 4181 Ricardum,

324 4207 410 4293 quod
426 4206 533 4293 ipsum
549 4205 715 4291 acquietet
731 4226 846 4272 versus
860 4225 970 4292 regem
986 4205 1026 4269 de
1042 4202 1184 4268 denariis
1201 4203 1374 4289 praedictis.

324 4370 406 4420 Breve
428 4367 494 4436 regis
513 4383 559 4432 pro
641 4358 833 4437 Edwardus,
874 4355 938 4422 Dei
975 4353 1093 4442 gratio,
1129 4347 1190 4424 rex
1236 4353 1375 4440 Anglioe,
1425 4372 1495 4418 ama.

323 4433 561 4551 {fiffitffi‘ffi
594 4461 748 4528 dominus
785 4458 966 4534 Hiberniae,
997 4462 1032 4521 et
1069 4455 1139 4519 dux
1175 4455 1376 4540 Aquitaniae,
1386 4432 1535 4530 Qffiss,

323 4565 462 4632 Berewyk’·
596 4561 777 4628 venerabili
821 4561 859 4624 in
903 4557 1037 4624 Christo
1082 4556 1179 4642 patri,
1227 4537 1540 4635 mmmmm

324 4667 437 4733 eadem
477 4665 595 4752 gratia,
628 4661 778 4750 episcopo
816 4657 1042 4734 Dunolmensi,
1080 4657 1228 4724 salutem.
1291 4655 1377 4738 Quia
1388 4636 1483 4732 ff
1484 4635 1506 4684 '³'
