3562 5714
507 786 708 842 cumensem
730 784 933 839 rauranum
956 785 1196 839 nnnnuuussn.
1310 773 1374 840 935

156 995 313 1054 anaema
326 975 494 1066 preterito
525 976 562 1041 in
593 996 697 1042 unum
732 994 885 1052 mensem,
918 972 1017 1040 certis
1049 976 1163 1040 tamen
1198 972 1239 1038 de
1270 974 1376 1040 causis
1404 992 1527 1042 anna.

325 1101 422 1166 super
454 1077 588 1165 tallagio
625 1077 682 1142 illo
719 1075 896 1158 informati,
933 1075 1028 1140 vobis
1061 1075 1263 1155 mandamus,
1287 1076 1376 1162 quod

324 1181 499 1269 tallagium
520 1178 605 1246 illud
635 1178 758 1265 absque
792 1177 950 1244 dilatione
971 1177 1083 1260 lavari,
1108 1181 1142 1243 et
1165 1177 1310 1246 Roberto
1334 1180 1375 1245 de

325 1283 469 1362 Barton',
491 1303 599 1370 nuper
642 1279 801 1368 receptori
837 1284 950 1346 nostro
984 1280 1134 1346 exituum
1169 1281 1374 1370 episcopatus

325 1385 476 1474 praedicti
507 1386 544 1450 in
577 1383 748 1452 vacatione
784 1382 951 1470 praedicte,
981 1382 1123 1462 liberari,
1154 1383 1291 1465 faciatis,
1330 1385 1373 1449 ad

323 1487 511 1555 faciendum
539 1486 619 1554 inde
641 1483 730 1572 quod
751 1483 782 1550 ei
813 1483 963 1550 dedimus
996 1484 1034 1548 in
1055 1484 1229 1552 mandatis.
1275 1485 1372 1551 Teste

323 1590 454 1676 meipso,
488 1588 578 1676 apud
610 1584 951 1666 Westmonasterium,
983 1581 1056 1671 iiij⁰.
1088 1584 1141 1652 die
1164 1585 1254 1666 Maii,
1285 1607 1371 1652 anno

321 1691 414 1780 regni
435 1684 542 1758 nostri
564 1695 667 1757 sexto.

319 1915 523 2034 fflpffipar.
600 1891 804 2058 Εάνὲαῗθω,
815 1891 878 1958 Dei
899 1891 1016 2058 ffiffia’
1042 1915 1101 2056 rpx
1123 1892 1263 2060 {rargliaa
1278 1894 1370 1959 dom·
1383 1909 1529 2060 uppmhz
1515 1914 1542 1958 or

555 1993 630 2058 inus
700 2016 711 2056 1
754 2015 897 2072 m1ae‚e
971 2014 1019 2058 ux
1101 2016 1136 2059 ur
1174 2017 1248 2073 nrae,
1271 2017 1397 2061 veneo

319 2094 450 2160 rabili
441 2117 478 2160 rn
501 2095 634 2170 Christo
600 2095 756 2182 tpatri,
780 2095 930 2174 Ricardo,
953 2095 1066 2161 eadem
1080 2016 1173 2182 qgrat'
1148 2097 1204 2176 tia,
1220 2047 1498 2185 episeopolielm
1437 2112 1455 2156 t.

321 2196 546 2279 Dunelmensi,
570 2197 719 2265 salutem.
765 2197 866 2274 Licet,
888 2197 933 2262 ad
958 2197 1204 2283 requisitionem
1235 2199 1371 2265 sanctis-

321 2297 397 2365 simi
418 2299 456 2364 in
478 2298 614 2364 Christo
635 2298 747 2386 patris,
763 2297 889 2363 domini
913 2297 1101 2379 Clementis,
1125 2300 1240 2366 divina
1256 2300 1371 2366 Provi-

321 2399 434 2466 dentia
450 2401 570 2466 summi
584 2400 758 2488 pontificis,
772 2421 898 2466 necnon
914 2399 1039 2466 domini
1060 2451 1069 2470 .
1091 2451 1100 2468 .
1113 2401 1200 2488 regis
1216 2401 1371 2481 Franciae,

322 2503 426 2591 patris
448 2504 554 2569 nostri
580 2503 748 2582 carissimi,
765 2502 837 2588 jam
859 2503 961 2568 simus
983 2504 1027 2568 ad
1048 2509 1158 2591 partes
1181 2507 1371 2572 transmari-

320 2626 380 2672 nas
395 2604 582 2693 profecturi,
597 2626 657 2691 pro
673 2603 785 2670 arduis
799 2603 941 2690 negotiis
957 2607 1083 2669 statum
1106 2606 1244 2672 ducatus
1264 2610 1370 2674 nostri

318 2707 470 2795 praedicti
496 2705 714 2800 [Aquitaniae]
739 2705 958 2772 diversimode
987 2707 1264 2794 contingentibus,
1296 2731 1370 2796 quae

322 2812 392 2878 sins
406 2811 514 2876 nostri
528 2809 712 2896 praesentia,
736 2813 775 2874 ut
799 2829 858 2895 per
873 2808 1030 2894 quosdam
1043 2811 1222 2900 [magnates
1238 2819 1273 2880 et
1287 2816 1369 2880 ami-

321 2937 374 2983 cos
389 2919 526 2990 nostros,
550 2931 589 2978 ac
610 2911 777 2977 ministros
799 2915 929 2976 nostros
951 2912 1095 2998 partium
1118 2914 1258 2995 illarum,
1273 2916 1370 2982 intel-

321 3016 471 3093 leximus,
494 3012 635 3080 feliciter
664 3013 812 3098 expediri
845 3033 913 3077 non
942 3018 1109 3099 poterunt,
1132 3017 1370 3100 reformandis3

321 3119 399 3206 quia
423 3122 536 3183 tamen
557 3137 578 3179 a
600 3115 752 3202 partibus
774 3113 840 3179 illis
869 3115 908 3180 in
938 3115 1042 3194 brevi,
1063 3117 1133 3183 Deo
1156 3120 1308 3207 propiti0,
1331 3121 1368 3186 in

319 3220 475 3308 Angliam
497 3218 603 3284 redire
626 3217 846 3303 proponimus,
870 3221 904 3282 et
934 3218 1187 3303 parliamentum
1209 3227 1368 3302 nostrum,

319 3325 356 3399 in
396 3322 563 3409 quindena
605 3318 805 3385 Natiuitatis
848 3317 962 3384 Sancti
1004 3319 1168 3387 Johannis
1206 3322 1369 3410 Baptistae

321 3426 470 3516 proximo
507 3423 628 3500 futura,
672 3420 761 3509 apud
798 3420 1136 3500 westmonasterium,
1169 3427 1280 3490 tenere
1292 3450 1300 3506 ;
1334 3433 1368 3493 et

319 3528 500 3604 vobiscum,
522 3545 560 3590 ac
582 3543 656 3590 cum
679 3520 807 3588 caeteris
829 3521 975 3607 praelatis
997 3527 1031 3588 et
1064 3519 1261 3609 proceribus'
1275 3530 1368 3614 regni

319 3630 433 3707 nostri,
454 3648 552 3713 super
566 3623 706 3689 diversis
728 3623 878 3709 negotiis,
893 3643 953 3687 nos
968 3627 1002 3688 et
1025 3627 1148 3689 statum
1164 3627 1245 3692 dicti
1267 3631 1368 3716 regni,

319 3756 358 3801 ac
381 3729 623 3816 expeditionem
645 3745 771 3811 guerrae
787 3729 909 3790 nostrae
935 3724 1064 3807 Scotiee,
1088 3728 1272 3814 specialiter
1294 3736 1368 3797 tan-

321 3831 485 3923 gentibus,
507 3828 635 3893 habere
658 3824 856 3911 colloquium
878 3830 912 3890 et
927 3830 1111 3893 tractatum
1123 3854 1131 3910 ;
1155 3832 1251 3897 robis
1273 3855 1366 3900 man-

322 3932 506 4012 demusin
539 3929 604 3994 fide
639 3931 673 3994 et
713 3926 888 3994 dilectione
920 3931 1040 4014 quibus
1071 3931 1166 3998 nobis
1198 3936 1366 4016 tenemini,
1472 3961 1478 3976 ·

320 4036 459 4103 firmiter
481 4032 699 4118 injungentes,
723 4031 819 4116 quod,
841 4030 993 4096 omnibus
1027 4031 1100 4098 aliis
1133 4035 1368 4121 praetermissis,

319 4138 409 4228 apud
446 4135 571 4201 dictum
607 4132 723 4212 locum,
753 4131 1090 4214 westmonasterium,
1129 4135 1165 4199 in
1203 4137 1369 4222 quindena

319 4239 478 4331 praedicta
511 4233 726 4323 personaliter
764 4233 935 4312 intersitis
965 4234 1089 4299 ibidem
1123 4237 1300 4316 nobiscum,
1334 4246 1369 4306 et

321 4365 396 4411 cum
434 4337 581 4428 praelatis
617 4340 651 4402 et
689 4335 876 4423 proceribus
913 4336 1097 4415 antedictis,
1135 4359 1233 4426 super
1269 4341 1368 4408 dictis

321 4444 464 4533 negotiis
492 4438 676 4520 tractaturi,
715 4443 929 4524 vestrumque
964 4437 1137 4505 eonsilium
1169 4441 1366 4528 impensuri;

320 4543 574 4639 praemunientes
610 4541 753 4629 priorem
790 4544 825 4606 et
861 4540 1043 4627 capitulum
1074 4541 1215 4610 ecclesiae
1248 4549 1366 4612 vestrae

320 4643 559 4724 Dunelmensis,
597 4642 850 4720 archidiaconos
873 4645 1047 4730 totumque
1093 4643 1224 4726 clerum,
1247 4650 1366 4718 vestrae
