3524 5716
345 775 430 838 1164
529 751 727 839 arersradu
751 787 952 842 ramrrruu
975 789 1217 842 nuuaunnnsa.

700 1277 887 1342 Sncuunus
910 1275 1043 1340 Annus.
1120 1363 1124 1372 Ι

190 1577 311 1685 Afflffi
343 1633 480 1684 Concessio
495 1648 573 1682 nova·
651 1593 819 1670 Ricardus
857 1593 1069 1679 permissione
1107 1593 1232 1668 divina,
1247 1581 1251 1590 ’
1265 1591 1563 1678 Danu-mames.

173 1704 282 1747 senes
343 1698 403 1748 uum
420 1699 524 1752 commo,
538 1700 572 1750 Η.
607 1694 728 1765 mensis
750 1695 928 1780 episcopus,
952 1695 1104 1760 omnibus
1126 1699 1247 1760 sanctae
1275 1694 1390 1758 matris

173 1753 294 1854 didi-id.
342 1766 513 1816 oenomaus.
606 1794 748 1861 ecclesiae
779 1795 866 1872 filiis,
889 1796 932 1861 ad
962 1817 1043 1881 quos
1077 1802 1255 1882 praesentes
1285 1795 1389 1861 literae
1434 1835 1440 1844 ,

172 1855 321 1998 Ξῇξὲῗὲῇἷῑῡῑ
342 1889 559 1985 pervenerint,
577 1898 715 1964 salutem
730 1897 767 1961 in
782 1898 929 1974 omnium
945 1897 1127 1963 Salvatore.
1165 1899 1257 1962 Inter
1272 1901 1390 1963 caetera

172 1968 309 2098 ffffilffl
341 1991 476 2086 pietatis
490 2024 596 2088 opera,
612 2023 699 2066 curse
714 2001 886 2086 pastoralis
901 1999 1132 2064 sollicitudinis
1154 1999 1388 2080 incumbentia,

171 2105 327 2206 {h‘gssffgpphe
341 2109 473 2192 gratum
498 2106 668 2172 Altissimo
683 2106 752 2170 fore
775 2104 965 2184 dinoscitur,
989 2110 1024 2168 et
1038 2109 1216 2190 acceptum,
1240 2103 1389 2189 depresso

171 2206 287 2300 ‘3⁰⁸⁰ss
342 2209 444 2272 statui
468 2209 594 2294 piorum
619 2208 770 2284 locorum,
794 2227 853 2292 pro
883 2206 1122 2298 sustentatione
1153 2205 1278 2272 Christi
1309 2228 1389 2290 pau-

172 2357 314 2408 sirmeum
341 2331 456 2396 perum
472 2310 694 2387 fundatorum,
717 2307 874 2373 beneficio
893 2306 1032 2372 subsidii
1048 2308 1300 2373 misericorditer
1314 2329 1389 2394 pro-

171 2406 327 2501 ffiffl'ffi·
340 2411 459 2477 videre.
507 2411 577 2476 Nos
599 2412 701 2498 igitur
724 2411 911 2496 depressum
926 2413 1052 2475 statum
1074 2409 1260 2496 Hospitalis
1275 2409 1389 2474 Sancti

172 2508 313 2562 Bm
343 2502 467 2600 AEgidii
483 2515 524 2578 de
549 2513 684 2600 Kypier,
706 2518 828 2578 nostrae
844 2512 1001 2591 dioecesis,
1024 2511 1059 2576 in
1083 2532 1148 2598 quo
1171 2512 1306 2576 divinus
1320 2511 1389 2576 cul·

342 2621 406 2696 tus,
420 2616 638 2702 hospitalitas,
655 2636 831 2702 egenorum
853 2615 1014 2701 susceptio
1037 2620 1072 2680 εὴ
1086 2615 1251 2695 recreatio,
1276 2617 1310 2678 et
1323 2613 1389 2678 alia

342 2721 518 2786 caritativa
540 2715 638 2804 opera
660 2717 889 2803 multipliciter
904 2717 1095 2794 floruenmt,
1110 2717 1206 2802 (quae,
1222 2721 1389 2802 prsetextu

341 2821 545 2907 paupertatis
583 2820 664 2886 dicti
701 2819 772 2897 loci,
798 2818 879 2904 jam,
904 2820 986 2904 proh
1024 2817 1134 2901 dolori
1164 2819 1389 2904 refrigescunt,

339 2945 502 3008 oneraque
524 2922 612 2987 dicto
634 2921 791 3007 hospitali
822 2921 1010 2998 necessario,
1033 2925 1068 2985 et
1090 2919 1318 3008 multipliciter
1339 2921 1390 2984 in-

341 3023 536 3101 cumbentia,
560 3023 617 3088 ubi
648 3022 828 3087 multitudo
858 3045 1039 3109 pauperum
1069 3023 1216 3108 quotidie
1242 3022 1387 3100 confluit,

339 3149 399 3214 pro
414 3126 610 3193 victualium
626 3123 772 3190 subsidio
792 3125 1031 3210 mendicando),
1046 3125 1199 3212 quodque
1222 3127 1390 3212 praemissa

340 3230 480 3296 caritiva
518 3251 617 3317 opera
645 3227 796 3293 suscitari
830 3216 865 3294 et
898 3215 1083 3294 continuari
1123 3250 1189 3293 non
1232 3233 1388 3314 poterunt

214 3411 217 3419 Ι
340 3333 376 3397 in
398 3333 558 3413 futurum,
573 3353 634 3397 nec
657 3352 756 3396 onera
777 3330 968 3416 hujusmodi
992 3331 1188 3416 supportari,
1212 3331 1276 3395 nisi
1299 3331 1387 3396 dicto

339 3435 495 3522 hospitali
518 3455 707 3500 succursum
729 3433 831 3498 fuerit
859 3433 993 3498 aliunde
1019 3433 1147 3520 plenius
1169 3433 1387 3512 attendentes,

339 3560 452 3605 omnes
475 3537 616 3604 decimas
639 3536 808 3601 novalium
830 3539 866 3600 et
884 3556 1045 3600 novorum
1068 3541 1266 3602 assertorum
1286 3535 1387 3620 juxta

340 3641 555 3717 Gatesheved‚
578 3661 706 3705 necnon
721 3645 755 3704 et
771 3637 912 3703 decimas
928 3637 1096 3703 novalium
1112 3643 1147 3703 et
1168 3638 1247 3704 novi
1269 3637 1387 3703 asserti

341 3743 382 3807 de
404 3743 474 3808 loeo
490 3741 547 3828 qui
563 3739 966 3827 vocat1n“Br0unsyde’'
982 3740 1019 3804 in
1033 3739 1187 3826 parochia
1210 3741 1250 3805 de
1274 3739 1387 3805 Anke-

233 3832 242 3844 ’
339 3845 437 3927 land’,
462 3850 496 3920 et
518 3845 657 3910 aliorum
673 3865 833 3909 novorum
862 3847 1062 3908 assertorum
1085 3843 1173 3908 dicto
1194 3842 1267 3908 loco
1284 3841 1387 3928 juxta

340 3947 571 4034 adJacentium,
587 3969 669 4033 quas
683 3945 781 4011 bonae
796 3945 961 4011 memoriae
977 3945 1154 4023 Antonius,
1170 3946 1386 4031 praedecessor

213 4087 214 4092 κ
338 4055 460 4130 noster,
491 4049 638 4137 percepit
672 4054 706 4113 et
737 4047 883 4134 possedit
912 4047 1067 4113 continue
1098 4048 1177 4112 dum
1211 4047 1308 4126 vixit,
1342 4049 1385 4114 ad

338 4153 574 4218 relevationem
611 4150 755 4238 depressi
793 4153 901 4216 status
939 4149 1020 4216 dicti
1058 4150 1240 4237 hospitalis,
1272 4155 1307 4215 et
1342 4149 1386 4216 ad

339 4256 508 4341 praemissa
524 4259 558 4319 et
581 4253 646 4318 alia
669 4253 808 4318 caritiva
824 4273 922 4338 opera
944 4252 1140 4330 suscitanda,
1156 4251 1338 4318 exercenda
1352 4257 1386 4317 et

339 4357 575 4434 continuanda,
589 4356 626 4419 in
642 4355 765 4436 eodem,
781 4360 816 4420 et
826 4354 1135 4441 multiplicationem
1151 4356 1337 4432 eorundem,
1348 4377 1386 4420 ac

318 4461 379 4534 ¹ad
402 4482 502 4527 onera
516 4459 660 4546 ejusdcm
692 4459 837 4542 facilius,
855 4460 1086 4546 supportanda,
1109 4479 1236 4524 necnon
1265 4459 1308 4525 ad
1334 4458 1385 4523 in-

336 4563 537 4628 veniendum
560 4563 640 4628 duos
669 4563 850 4648 capellanos
880 4583 939 4648 pro
961 4560 1083 4625 divinis
1107 4561 1246 4646 singulis
1268 4559 1385 4625 diebus

336 4667 373 4730 in
395 4664 483 4730 dicto
504 4664 661 4750 hospitali
687 4663 896 4739 celebrandis
910 4663 1000 4730 ultra
1021 4685 1193 4728 numerum
1218 4664 1275 4748 qui
1297 4679 1386 4728 nuno
