3538 5712
402 793 488 860 1086
578 803 778 858 nmmum
799 801 1004 856 rmum
1025 799 1267 854 nnuman

247 1006 370 1054 mma
404 993 525 1060 mentis
547 1014 607 1081 per
628 993 806 1062 Ricardum
826 993 859 1059 la
880 993 924 1058 fia
946 990 1153 1060 Mermaduk’
1175 989 1338 1058 diseeisita
1365 989 1629 1058 anamma

399 1098 451 1160 set
462 1119 471 1176 ;
493 1117 532 1162 ac
563 1095 641 1188 licet
663 1095 777 1162 eadem
798 1094 861 1163 Ids
889 1115 948 1162 vos
977 1095 1167 1180 frequenter
1187 1092 1384 1178 requisierit,
1406 1097 1448 1158 ut

401 1197 466 1264 sibi
496 1219 595 1286 super
616 1198 679 1266 hoc
710 1199 783 1267 fieri
814 1199 965 1268 faceretis
992 1198 1136 1286 justitiae
1165 1198 1447 1284 complementum,

401 1304 500 1388 prout
528 1300 570 1366 de
597 1300 682 1386 jure,
704 1306 739 1367 et
770 1303 948 1369 secundum
978 1302 1084 1389 legem
1113 1307 1149 1367 et
1178 1299 1447 1366 consuetudinem

257 1447 260 1454 »
398 1403 491 1489 regni
511 1403 624 1480 nostri,
647 1423 686 1470 ec
710 1403 876 1470 libertatis
890 1407 1010 1470 vestras
1031 1402 1206 1489 praedicta,
1220 1401 1306 1466 foret
1327 1399 1447 1468 faciem

402 1504 505 1585 dum;
529 1524 589 1569 vos
611 1503 827 1572 nihilominus
849 1505 954 1571 eidem
977 1504 1048 1570 Idae
1069 1503 1105 1568 in
1128 1502 1331 1569 exhibitione
1347 1501 1448 1588 justi·

403 1603 461 1671 tiae
486 1605 524 1670 in
548 1603 610 1672 hec
635 1611 730 1693 parte
751 1607 899 1674 totaliter
921 1605 1082 1686 defuistis,
1105 1605 1142 1670 in
1164 1603 1268 1691 ipsius
1290 1603 1362 1668 Idm
1384 1603 1449 1669 dis·

399 1706 559 1794 pendium
572 1726 641 1772 non
662 1708 835 1787 modicum,
858 1714 893 1776 et
913 1728 1099 1796 gravamen.
1145 1705 1191 1772 Et
1205 1705 1284 1792 quia
1296 1705 1449 1771 nolumus

401 1808 489 1892 quod
511 1807 625 1873 eadem
648 1806 711 1873 ida
731 1831 753 1876 a
770 1809 847 1896 jure
869 1829 938 1888 suo,
953 1810 1041 1897 quod
1062 1808 1128 1874 sibi
1148 1806 1314 1893 competit,
1328 1805 1366 1870 in
1387 1805 1449 1872 bac

358 1973 362 1982 ,
401 1913 496 1997 parte
518 1909 629 1974 taliter
651 1908 841 1997 elongetur;
869 1912 965 1977 vobis
995 1911 1198 1991 mandamus,
1221 1908 1309 1994 quod
1342 1908 1447 1973 eidem

404 2010 475 2077 Idae
497 2011 533 2076 in
554 2010 732 2098 praemissis
755 2011 906 2081 debitum
939 2017 975 2079 at
1005 2011 1162 2077 festinum
1189 2009 1332 2097 justitiae
1361 2031 1447 2076 com·

404 2110 616 2199 plementum,
649 2116 750 2199 prout
780 2133 874 2181 casus
905 2113 976 2200 ejus
1007 2113 1155 2199 requirit,
1189 2111 1259 2176 sine
1291 2111 1447 2176 diletione

407 2213 479 2279 lieri
500 2211 637 2293 faciatis,
660 2235 703 2279 ne
724 2234 783 2301 pro
814 2214 945 2282 defectu
968 2213 1124 2306 justitiae,
1145 2213 1184 2277 in
1217 2213 1320 2277 vestri
1343 2212 1447 2278 defec-

405 2318 479 2380 tum
500 2314 538 2379 in
559 2313 622 2392 hac
643 2319 745 2401 parte,
770 2317 919 2404 praefatee
942 2315 1013 2384 Idae
1044 2315 1085 2380 de
1118 2313 1184 2381 alio
1213 2313 1357 2380 remedio
1389 2335 1448 2378 nos

405 2419 555 2503 oporteat
588 2416 770 2502 providere.
811 2402 936 2484 'Teste
969 2418 1102 2504 meipso,
1133 2413 1222 2502 apud
1255 2414 1448 2494 Thundcrle

404 2513 511 2603 xviij⁰.
536 2516 590 2583 die
612 2515 703 2599 Maii,
726 2537 814 2584 anno
835 2519 928 2607 regni
952 2518 1058 2584 nostri
1079 2521 1204 2586 octavo.

249 2743 286 2803 ‘0
312 2757 317 2770 ·
405 2764 488 2816 Breve
506 2763 573 2830 Ψ
593 2778 639 2830 pm
715 2719 906 2796 Edwardus,
927 2717 991 2783 Dei
1013 2717 1129 2805 gratia,
1151 2738 1211 2783 rex
1231 2716 1370 2805 Angliae,
1393 2715 1436 2782 do

310 2821 336 2953 T
408 2829 640 2964 {meysa
670 2819 1052 2987 illiriuffc‘iile
1061 2819 1451 3007 {fetificaidffffl

404 3021 521 3110 gretie,
543 3021 759 3088 Dunolmensi
784 3022 942 3108 episcopo,
958 3020 1106 3087 salutem.
1151 3020 1204 3085 Ex
1226 3025 1320 3108 parte
1342 3017 1451 3086 dilecti

404 3123 513 3191 clerici
527 3123 642 3204 nostri,
657 3122 742 3190 Adae
763 3123 805 3190 de
819 3123 1024 3210 Oeegodeby‚
1038 3122 1254 3210 praebendarii
1268 3122 1453 3210 praebcndae

408 3224 451 3291 dc
472 3224 730 3312 Newebigging',
753 3224 789 3288 in
812 3223 945 3292 ecelesia
967 3224 1139 3311 collegiata
1168 3224 1210 3291 de
1241 3223 1454 3310 tangemur,

410 3330 528 3393 vestras
562 3325 719 3404 dioecesis,
740 3324 837 3391 nobis
868 3331 918 3393 est
952 3329 1128 3405 ostensum,
1158 3307 1247 3412 quod
1276 3325 1354 3391 licet
1383 3324 1454 3411 ipse

407 3447 475 3493 non
498 3431 619 3506 teneat,
641 3447 702 3493 nec
722 3427 833 3512 aliquo
854 3433 1001 3513 tempore
1015 3427 1168 3506 tenuerit,
1183 3427 1392 3516 praebendum
1412 3425 1453 3490 de

412 3527 614 3596 Grenecrofa’
636 3527 674 3592 in
694 3526 830 3594 ecclesia
858 3528 1025 3615 proediota,
1053 3549 1153 3614 quam
1183 3526 1384 3615 Reginaldus
1413 3527 1454 3592 de

412 3630 577 3697 Brundon’
609 3627 787 3715 aliquando
820 3627 938 3707 tenuit,
960 3634 996 3695 et
1026 3650 1101 3715 quae
1132 3630 1175 3695 ad
1214 3631 1326 3697 decem
1354 3629 1454 3694 libres

410 3731 480 3816 xiij.
523 3729 641 3796 solidos
673 3734 708 3795 et
738 3735 881 3816 quatuor
912 3729 1065 3798 denarios
1097 3735 1241 3810 taxatur,
1263 3753 1323 3798 vos
1344 3738 1455 3797 tamen

415 3833 525 3920 ipsum
539 3851 599 3919 pro
615 3834 688 3896 octo
703 3830 820 3897 marcis
841 3830 884 3896 de
904 3831 1082 3898 medietate
1097 3832 1242 3918 ejusdcm
1264 3833 1456 3920 praebcndae,

410 3934 538 4002 ratione
575 3932 789 4004 concessionis
826 3932 959 3999 domino
982 3932 1156 4015 Eduardo,
1191 3935 1356 4021 quondum
1385 3935 1455 4023 regi

410 4035 551 4123 Angliae,
574 4035 663 4122 putri
693 4037 817 4112 nostro,
837 4057 896 4122 per
916 4035 1040 4101 clerum
1062 4035 1194 4124 Angliee
1216 4037 1258 4103 da
1279 4037 1455 4105 medietate

410 4137 642 4204 beneficiorum
681 4135 971 4203 ecclesiasticorum
1001 4137 1110 4218 factae,
1143 4138 1210 4204 soei
1248 4139 1456 4225 praebendum

409 4238 501 4304 illam
533 4240 670 4317 teneret,
703 4257 778 4304 cum
811 4257 879 4303 non
909 4242 1030 4318 teneat,
1062 4237 1191 4304 omissis
1222 4239 1457 4326 praebenderiis

413 4340 560 4428 ejusdem
581 4339 775 4427 praebendae,
790 4359 830 4406 ac
851 4340 1081 4407 executoribus
1096 4340 1290 4408 testamenti
1309 4343 1459 4430 praedicti

413 4441 599 4530 Reginaldi,
621 4441 680 4529 qui
702 4463 774 4507 eam
795 4441 912 4521 tenuit,
934 4445 975 4507 ut
1004 4441 1133 4522 dicituu,
1155 4449 1302 4531 tempore
1330 4465 1457 4512 eonces-

416 4543 516 4610 sionis
538 4543 714 4629 pradictus,
730 4543 893 4630 distringi,
918 4547 953 4609 ct
973 4543 1061 4610 bona
1082 4565 1142 4611 sua
1163 4545 1200 4610 in
1222 4546 1357 4613 ccclesia
1377 4568 1459 4634 prae·

415 4645 514 4723 dicte,
537 4667 577 4712 ee
608 4645 784 4724 occasione,
805 4645 1014 4734 sequestrari,
1036 4645 1153 4727 facitis,
1175 4647 1286 4715 minue
1302 4649 1402 4736 juste,
1423 4649 1460 4716 in
