3506 5702
411 787 476 855 708
590 793 786 846 snmsruuu
810 789 1013 840 emortuum
1037 782 1280 835 unumunusn.

257 1005 381 1050 sunus.
413 1005 516 1064 orum,
532 982 698 1048 occasione
717 978 804 1066 juris
826 981 1022 1064 patronatus
1046 971 1159 1046 nostri,
1174 969 1228 1032 vel
1252 989 1310 1053 per
1332 966 1461 1052 lapsum
1478 982 1642 1034 Annum

413 1085 580 1172 temporis,
613 1084 655 1148 ed
690 1081 896 1148 collationem
930 1082 1077 1144 nostram
1111 1071 1341 1158 spectantium,
1368 1067 1464 1131 nobis

415 1191 494 1276 ipsis
528 1187 677 1252 totaliter
711 1190 899 1262 reservata,
933 1184 1020 1247 vices
1054 1186 1183 1244 nostrus
1217 1177 1463 1250 committimus,

416 1313 491 1356 curn
513 1285 691 1373 cujuslibet
706 1286 881 1351 coercionis
896 1285 1062 1349 canonicae
1085 1285 1258 1368 potestate.
1306 1278 1349 1342 In
1370 1277 1464 1362 cujus

416 1393 465 1458 rei
494 1391 731 1464 testimonium,
755 1393 933 1473 praesentes
956 1386 1070 1450 litores
1100 1383 1195 1447 vobis
1221 1381 1292 1446 fieri
1321 1381 1466 1456 fecimus,

417 1494 525 1579 sigillo
540 1498 652 1558 nostro
675 1491 830 1576 signatus,
853 1510 958 1573 usqne
981 1488 1023 1551 ad
1047 1491 1197 1550 nostrum
1222 1483 1466 1569 beneplacitum

418 1597 600 1660 duraturas.
647 1591 772 1656 Datum
795 1591 884 1676 apud
898 1590 1044 1666 Richele,
1060 1589 1142 1652 xixo.
1168 1587 1221 1651 die
1250 1586 1274 1650 J
1276 1585 1355 1664 unii,
1380 1606 1467 1648 anno

418 1697 554 1760 Domini
591 1694 764 1758 millesimo
797 1688 954 1767 coc⁰.xv⁰.,
987 1698 1022 1755 et
1055 1689 1316 1755 consecrationis
1346 1691 1468 1752 nostrae

418 1797 543 1884 quinto.

245 2019 408 2114 fflffg‘fffl
661 2081 664 2086 Ι
711 1997 879 2074 Ricardum
918 1997 1130 2084 permissione
1175 1995 1299 2071 divine,
1344 1993 1470 2057 Dunol-

244 2120 398 2170 tnevrme
669 2100 790 2164 mensis
814 2100 992 2186 episcopm,
1016 2099 1136 2162 dilecto
1157 2096 1236 2178 filio,
1258 2094 1282 2160 J
1284 2095 1407 2159 ohanni
1430 2095 1469 2159 de

245 2169 383 2264 idriam
424 2202 576 2278 Pollowe,
592 2201 827 2286 sequestratori
842 2205 963 2278 nostro,
981 2201 1130 2278 salutem,
1153 2199 1296 2285 gretiam
1318 2204 1352 2262 et
1374 2197 1471 2262 bene-

423 2304 614 2368 dictionem.
658 2303 806 2366 Vacante
841 2303 855 2388 j
947 2303 1071 2366 vicarie
1105 2301 1145 2365 de
1168 2299 1386 2387 Bedlington',
1416 2321 1471 2363 ne-

423 2405 597 2468 cessarium
629 2409 828 2489 reputamus,
863 2409 902 2468 ut
933 2413 1022 2468 terre
1046 2403 1214 2490 pertinens
1245 2402 1288 2466 ed
1326 2401 1471 2476 eandem,

424 2505 566 2576 durante
588 2504 630 2568 ud
647 2504 706 2570 hoc
729 2526 872 2590 congruo
887 2508 1044 2592 tempore,
1060 2506 1186 2570 coletur
1202 2508 1236 2568 et
1258 2510 1396 2589 peretur
1418 2502 1473 2567 de-

423 2607 502 2682 bite,
539 2606 568 2670 si
606 2605 739 2670 futurus
772 2607 917 2672 vicarius
940 2607 1017 2672 inde
1040 2606 1175 2672 debent
1201 2627 1288 2670 anno
1323 2611 1473 2672 secuturo

424 2707 629 2772 commodum
653 2713 838 2792 repertore:
863 2713 998 2794 propter
1031 2707 1128 2792 quod,
1152 2707 1246 2771 vobis
1270 2706 1474 2782 mandemus,

424 2807 581 2892 quatinus
604 2808 797 2893 magistrum
814 2808 1000 2876 Gilbertum
1018 2809 1058 2874 de
1082 2809 1233 2886 Burdon',
1258 2809 1474 2873 exhibitorem

424 2909 646 2994 praesentium,
671 2931 777 2994 quem,
800 2915 839 2973 ut
861 2911 1052 2996 accepimus,
1077 2911 1191 2974 dilecti
1213 2909 1276 2974 filii
1306 2911 1440 2975 nostri.
1465 2961 1472 2974 .

426 3012 516 3098 prior
537 3022 572 3075 et
594 3017 778 3076 conventus
792 3011 1041 3088 Dunolmenses,
1064 3013 1161 3078 diotae
1184 3011 1318 3076 viceriee
1333 3013 1475 3099 petroni,

426 3113 608 3178 intendunt
644 3119 845 3198 praesentere
879 3115 923 3178 ed
961 3114 1098 3179 eundem
1132 3119 1239 3179 totam
1274 3119 1396 3178 terram
1434 3115 1476 3178 ed

427 3215 531 3300 ipsam
555 3215 777 3300 pertinentem
800 3216 913 3292 colere,
929 3217 1099 3294 seminare,
1123 3221 1157 3280 et
1179 3216 1220 3280 de
1236 3237 1275 3280 ea
1296 3215 1477 3300 disponere,

427 3322 527 3401 prout
561 3317 603 3380 ed
634 3317 840 3381 commodum
863 3316 968 3381 futuri
990 3312 1106 3382 vicarii
1128 3317 1234 3402 mngis
1266 3319 1398 3381 noverit
1420 3338 1477 3380 ex-

429 3418 572 3503 pediens,
611 3418 713 3482 libere
763 3419 983 3504 permittatis;
1026 3419 1174 3500 scientes,
1212 3403 1306 3503 'quod
1344 3423 1478 3504 pratum

429 3525 524 3584 terroe
543 3518 710 3604 praedictee
735 3519 886 3604 adjacens
909 3524 944 3584 et
962 3520 1142 3605 pertinens,
1167 3518 1207 3583 de
1231 3519 1476 3600 consuetudine,

430 3621 646 3684 concessimus
662 3621 776 3701 eidem,
794 3629 828 3684 et
844 3621 1001 3699 dedimus,
1018 3622 1058 3686 de
1083 3625 1194 3686 nostro
1216 3621 1324 3708 gretie
1337 3620 1478 3707 speciali.

431 3719 556 3784 Velete.
602 3719 727 3784 Detum
758 3722 847 3807 apud
881 3721 1025 3802 Riohcle‚
1059 3721 1167 3806 xviij0.
1191 3722 1244 3788 die
1276 3723 1381 3799 Junii,
1404 3743 1479 3787 con-

431 3819 621 3886 secrationis
642 3826 765 3886 nostrae
787 3844 875 3888 enno
899 3823 1024 3908 quinto.

264 4040 420 4136 ΝΜ
432 4087 459 4138 A
510 4089 516 4101 ,
593 4091 598 4101 ,
703 4027 821 4093 Pateat
843 4027 1007 4092 universis
1022 4048 1081 4112 per
1103 4034 1291 4115 praesentes,
1307 4029 1396 4115 qnod
1411 4049 1479 4105 nos,

164 4127 167 4134 ’
264 4142 398 4235 fflgpp
460 4097 623 4154 equestres.
659 4130 827 4210 Ricordus,
849 4128 1063 4215 permissione
1102 4129 1223 4209 divine,
1246 4129 1480 4195 Dunolmensis

265 4240 420 4334 ffihggffw
433 4235 610 4322 episcopus,
634 4234 822 4320 recepimus,
838 4230 927 4316 opud
951 4229 1093 4307 Richale,
1116 4231 1156 4296 de
1179 4231 1313 4296 domino
1336 4231 1481 4294 Roberto

264 4322 320 4393 11⁰⁸:
433 4337 472 4401 de
489 4339 689 4422 Bmmpton’,
704 4339 868 4421 receptore
891 4338 1003 4396 nostro
1019 4333 1243 4408 Dunolmensi,
1259 4334 1313 4396 die
1328 4333 1482 4397 vicesimo

433 4439 554 4502 mensis
583 4438 606 4503 J
610 4439 691 4515 unii,
723 4456 810 4500 enno
842 4432 978 4498 Domini
1010 4431 1135 4512 M⁰.ccc}'.
1160 4435 1413 4518 quintodecimo,
1448 4438 1483 4497 et

354 4529 358 4534 ’
434 4538 684 4602 consecrationis
707 4544 827 4602 nostroe
854 4538 979 4622 quinto,
1014 4536 1173 4602 ducentas
1200 4536 1301 4600 libras
1328 4536 1484 4620 sterling·

434 4660 538 4718 orum,
570 4660 627 4723 per
660 4659 776 4702 manus
809 4638 964 4702 Willelmi
997 4639 1038 4703 de
1069 4639 1240 4723 Horneby,
1274 4639 1314 4703 de
1337 4637 1484 4703 exitibus
1544 4687 1547 4694 ,
