3562 5710
498 748 696 862 subernon
719 779 921 836 ramrrnuu
944 783 1184 836 nnunuunusn
1279 771 1367 842 1017
1462 855 1466 862 ¹

154 985 196 1032 sn
202 983 308 1038 nanee
321 961 536 1044 venerabili
526 997 563 1041 1n
578 975 710 1042 Christo
732 974 828 1061 patri,
853 974 1003 1053 Ricard0,
1027 976 1140 1040 eadem
1162 974 1277 1063 gratia,
1300 973 1369 1059 epi·
1396 985 1452 1030 aa
1460 987 1517 1032 1⁸14.

321 1100 418 1168 scopo
452 1077 677 1155 Dunolmensi,
707 1077 854 1144 salutem.
902 1076 990 1158 Quia
1018 1078 1175 1164 magister
1205 1060 1481 1155 116116111ιῖ1ξέΜ
1414 1123 1502 1164 mursa
1502 1122 1535 1157 a·

322 1182 364 1246 de
394 1180 540 1260 Baldok’,
564 1201 702 1266 persona
732 1179 874 1246 ecelesia
899 1180 938 1244 de
965 1179 1134 1268 Quicham,
1163 1180 1310 1265 sequitur
1331 1163 1473 1244 1ιιΜΜ
1389 1163 1473 1207 ΜΜ

320 1284 412 1350 ouria
426 1288 549 1364 nostra,
565 1303 674 1350 coram
689 1282 869 1348 baronibus
883 1282 924 1347 de
936 1280 1103 1350 Scaocario
1117 1286 1238 1361 nostro,
1253 1301 1368 1347 versus

321 1385 517 1472 magistrum
551 1384 724 1449 Ricardum
755 1384 796 1450 de
820 1384 993 1470 Leyeestr‚
1021 1405 1193 1471 personam
1226 1383 1368 1448 ecclesiae
1435 1385 1436 1390 ’

322 1488 362 1551 de
384 1487 521 1572 Eydon',
545 1487 586 1552 de
608 1487 678 1566 hoc,
696 1486 784 1571 quod
807 1487 915 1571 ipsum
938 1487 1102 1572 acquietet
1125 1506 1239 1552 versus
1253 1504 1313 1548 nos
1328 1484 1369 1549 de

321 1609 351 1654 ιι
365 1586 400 1652 a.
433 1608 507 1672 quae
545 1587 640 1653 nobis
671 1588 833 1652 debentur
872 1589 914 1652 de
963 1588 1121 1673 praedicta
1154 1586 1287 1654 ecclesia
1328 1587 1369 1650 de

323 1688 493 1769 Quicham,
509 1690 550 1756 de
566 1690 713 1756 subsidio
729 1689 917 1755 medietatis
932 1689 1065 1754 domino
1081 1689 1254 1771 Eduardo,
1265 1709 1369 1774 quon-

322 1791 398 1856 dam
421 1793 492 1878 regi
516 1791 657 1878 Angliae,
672 1792 760 1878 patri
774 1795 897 1871 nostr0,
914 1813 935 1855 a
948 1791 1033 1858 clero
1050 1791 1176 1856 dudum
1202 1810 1370 1864 concessae,

323 1893 359 1956 in
374 1893 563 1979 episcopatu
587 1893 753 1978 praedicto,
770 1893 811 1958 de
837 1897 983 1978 tempore
1009 1913 1075 1978 quo
1100 1894 1188 1957 idem
1214 1892 1371 1978 magister

323 1994 494 2059 Ricardus¹
514 1994 579 2059 fuit
602 2016 743 2080 persona
772 1994 912 2060 ecclesiae
938 1994 1105 2081 praedictae
1128 1995 1169 2059 de
1186 1993 1370 2076 Quicham3

322 2101 356 2162 et
385 2118 484 2182 super
506 2097 568 2162 hoc
591 2096 716 2162 habent
739 2096 826 2160 diem
848 2096 885 2159 in
907 2095 1032 2161 octabis
1055 2094 1170 2162 Sancti
1200 2095 1369 2160 Michaelis

321 2199 472 2286 proximo
502 2199 624 2263 firturis
636 2223 644 2278 ;
673 2198 767 2263 vobis
797 2197 991 2262 mandamus
1021 2197 1108 2284 quod
1138 2198 1179 2262 de
1210 2196 1371 2263 demanda

323 2319 422 2386 quam
438 2299 595 2386 praedicto
610 2299 766 2385 magistro
783 2299 936 2380 Robertc,
952 2321 1010 2385 pro
1031 2299 1174 2364 denariis
1197 2299 1371 2384 praedictis,

322 2402 437 2477 facitis,
467 2423 580 2487 pacem
613 2401 643 2466 ei
658 2401 779 2466 habere
801 2401 1010 2486 permittatis,
1026 2421 1129 2485 usque
1155 2401 1242 2465 diem
1258 2421 1370 2487 supra·

322 2504 456 2580 dictum,
472 2508 506 2567 et
520 2507 731 2589 sequestrum,
747 2503 879 2587 siquod
902 2502 938 2566 in
953 2502 1048 2567 bonis
1064 2503 1131 2566 suis
1146 2495 1370 2569 ecclesiasticis

323 2626 362 2671 ea
384 2605 561 2672 occasione.
581 2604 704 2692 apponi
729 2603 879 2681 feceritis,
904 2604 1037 2668 interim
1070 2599 1224 2670 relaxetis
1256 2604 1369 2670 eidem.

324 2708 420 2789 Teste
450 2705 500 2772 W.
524 2707 565 2772 de
596 2706 758 2783 Neruico,
792 2707 881 2792 apud
916 2705 1251 2784 westmonasterium,
1286 2705 1369 2792 viij⁰.

324 2809 377 2874 die
400 2809 424 2873 J
426 2807 493 2885 ulii
517 2829 603 2872 anno
626 2809 718 2894 regni
740 2807 845 2872 nostri
869 2813 992 2874 octavo.

325 3032 408 3082 Breve
468 3033 537 3096 regis
590 3048 635 3120 pro
713 3005 904 3084 Edwardus‚
927 3007 990 3073 Dei
1016 3008 1131 3095 gratia,
1155 3030 1215 3075 rex
1229 3009 1435 3108 1111811ωῆ
1382 3015 1431 3076 The
1440 3015 1532 3108 inim

326 3099 536 3150 rhomaderleu
514 3098 635 3164 aehayg.
669 3107 820 3172 dominus
835 3107 1015 3189 Hibernia,
1034 3115 1069 3175 et
1083 3112 1155 3176 dux
1168 3111 1369 3228 Aquitaniae,
1382 3068 1494 3209 ‘phlgffig‘
1489 3166 1519 3210 d

325 3209 535 3274 venerabili
526 3231 563 3273 m
586 3207 717 3275 Christo
728 3209 835 3296 patri,
859 3210 1008 3290 Ricardo,
1031 3213 1145 3278 eadem
1166 3214 1281 3328 gratia,
1304 3214 1370 3300 epi·
1383 3216 1440 3260 rav
1441 3217 1524 3269 harh·
1636 3271 1639 3275 Δ

325 3330 422 3396 scopo
461 3309 685 3388 Dunelmensi,
716 3311 863 3376 salutem.
910 3311 1004 3390 Quia,
1037 3334 1079 3377 ex
1116 3315 1211 3400 gravi
1241 3315 1373 3399 querela

327 3411 438 3478 dilecti
454 3411 561 3479 clerici
583 3412 696 3490 nostri,
719 3411 854 3478 Thomae
869 3413 910 3477 de
925 3413 1134 3500 Newehagh',
1154 3416 1372 3502 praebendarii

325 3511 361 3576 in
391 3514 524 3582 ecclesia
553 3514 594 3578 de
624 3513 817 3590 Aukeland’,
856 3519 973 3590 vestrae
1007 3514 1163 3594 diecesis,
1194 3518 1288 3584 nobis
1322 3523 1372 3583 est

327 3619 501 3692 ostensum,
513 3614 601 3700 quod
615 3614 704 3700 prior
718 3614 948 3679 Dunelmensis
973 3619 1007 3680 61
1029 3615 1176 3682 homines
1199 3620 1251 3684 sui
1274 3619 1372 3685 blada

327 3717 362 3780 et
386 3717 452 3780 alia
477 3716 565 3782 bona
588 3720 622 3780 ct
645 3714 763 3781 catalla
789 3715 914 3792 snaed
938 3715 1148 3802 praebendam
1173 3741 1267 3786 suam
1288 3743 1372 3812 prae-

327 3817 458 3896 dictam,
475 3838 548 3903 quae
564 3820 614 3882 est
628 3816 714 3880 inira
738 3815 925 3882 libertatem
949 3824 1092 3884 vestram
1108 3818 1371 3902 Dunelmensem‚

331 3919 520 4008 spectantia,
544 3918 580 3983 vi
604 3921 739 3996 armata,
765 3918 969 4005 temporibus
984 3921 1153 3988 retroactis
1174 3923 1373 4010 collegerunt

329 4027 362 4102 et
377 4025 595 4109 asportamnt
610 4027 644 4086 et
667 4020 789 4086 futuris
814 4021 1014 4107 temporibus
1039 4023 1189 4111 colligere
1203 4030 1238 4090 et
1263 4047 1372 4113 aspor-

217 4163 220 4170 .
330 4129 400 4190 tare
430 4124 616 4201 intendunt,
646 4126 681 4187 et
710 4122 791 4187 alias
832 4124 1115 4210 transgressiones·
1134 4147 1280 4193 enormes
1305 4128 1374 4214 sibi

328 4230 567 4313 perpetrarunt,
579 4228 613 4289 et
627 4227 812 4310 perpetrare
827 4244 894 4289 non
909 4224 1080 4308 desistunt,
1090 4227 1125 4290 in
1140 4228 1229 4314 pacis
1244 4235 1373 4308 nostrae,

327 4350 428 4414 quam
450 4329 487 4391 in
501 4327 652 4392 libertate
676 4325 833 4412 praedicte
859 4327 902 4390 ad
917 4327 1197 4394 manutenendum
1212 4335 1247 4397 et
1267 4336 1374 4400 custo·
1488 4407 1491 4414 ⁴

330 4431 486 4496 diendum
507 4428 645 4509 habetis,
675 4427 849 4506 laesionem,
880 4433 915 4494 et
944 4429 1057 4516 populi
1092 4430 1196 4496 nostri
1228 4434 1374 4519 partium
1576 4427 1581 4437 ’

331 4533 461 4598 illarum
477 4537 643 4608 terrorem,
658 4551 697 4596 ac
710 4529 814 4615 ipsius
836 4528 945 4598 clerici
966 4532 1071 4596 nostri
1086 4533 1293 4619 dispendium
1308 4556 1376 4602 non

335 4634 508 4712 modicum,
547 4635 594 4698 et'
610 4651 809 4720 gravamen3
843 4653 911 4712 nos,
945 4633 1011 4718 qui,
1048 4634 1175 4702 ratione
1205 4636 1376 4725 dignitatis
