3538 5712
409 763 498 828 1088
589 773 790 827 srersrevu
811 772 1013 826 rmnrnruu
1034 771 1276 825 nvrmmsn

255 965 377 1018 cuuis
407 960 521 1023 notem
536 957 627 1025 illem
652 957 910 1046 ingrossendem,
926 961 960 1024 et
978 956 1147 1042 justitiem
1170 957 1310 1024 ulterius
1332 955 1627 1021 facien-sunum

404 1057 504 1139 dem;
525 1066 561 1126 et
575 1081 643 1138 nos,
659 1081 719 1147 pro
741 1081 779 1125 eo
794 1059 884 1147 quod
906 1057 1015 1125 dictus
1037 1064 1131 1144 poter
1152 1063 1272 1136 nosmr,
1291 1058 1455 1146 pendente

404 1179 512 1224 corum
535 1161 647 1227 eodem
671 1161 817 1227 Hemico
840 1165 874 1226 et
897 1159 992 1226 sociis
1013 1159 1081 1224 suis
1110 1159 1243 1246 negotio
1265 1141 1454 1237 memorato,

403 1259 496 1341 obiit,
520 1263 612 1328 etin
644 1262 830 1328 redditione
861 1261 1026 1326 libertetis
1048 1261 1224 1347 praedictoe,
1246 1282 1356 1347 quern,
1380 1266 1455 1346 post

293 1373 297 1380 ·
403 1365 542 1426 mortem
564 1363 667 1448 ipsius
681 1363 786 1448 petris
808 1362 922 1440 nostri,
937 1361 1077 1448 praefeto
1099 1361 1328 1448 pmdecessori
1342 1366 1453 1426 vestro

403 1460 548 1540 fecimus,
571 1462 612 1529 de
645 1463 754 1550 gretie
784 1466 898 1529 nostre
920 1461 1062 1550 speciali,
1085 1461 1305 1548 cognitionem
1327 1462 1453 1548 negotii

403 1563 559 1648 predicti,
583 1585 737 1632 unacum
761 1565 947 1650 cognitione
969 1563 1174 1650 quonmdem
1190 1563 1330 1629 eliorum
1352 1563 1452 1650 pluci-

403 1667 521 1742 torum,
545 1663 582 1728 in
604 1664 711 1730 literis
734 1664 776 1729 de
798 1663 985 1730 redditione
1008 1664 1066 1728 iiic
1087 1669 1327 1744 contentorum,
1356 1664 1452 1729 nobis

402 1763 649 1842 reservavimus,
672 1768 780 1830 totum
811 1757 982 1851 negotium
1014 1765 1097 1830 illud
1128 1785 1237 1830 eorem
1269 1764 1365 1832 nobis
1394 1786 1453 1851 per

401 1865 501 1933 breve
534 1871 695 1946 nostrum,
721 1867 765 1931 ed
797 1871 921 1932 sectum
956 1866 1106 1952 praedicti
1139 1867 1317 1952 Redulphi,
1339 1867 1452 1954 venire

402 1966 650 2050 fecerimuis„et,
671 1967 804 2054 negotio
827 1967 884 2033 iilo
906 1968 1172 2048 indeterminate,
1188 1972 1258 2034 tem
1280 1967 1450 2033 recordum
1480 2004 1483 2012 ·

399 2073 438 2134 et
468 2089 653 2154 processum
682 2069 770 2146 inde,
793 2089 868 2154 quae
900 2088 1008 2133 eorem
1031 2068 1126 2133 nobis
1158 2073 1331 2144 venerunt,
1353 2089 1451 2152 quem

402 2191 441 2236 ee
472 2191 546 2256 quae
568 2192 676 2236 eorem
699 2169 795 2236 nobie
826 2189 924 2256 super
945 2168 1006 2233 hoc
1028 2169 1118 2234 inter
1147 2173 1257 2254 portes
1278 2169 1452 2255 prtedictes

402 2269 520 2336 habite
550 2270 697 2348 fuerunt,
729 2270 772 2334 ed
808 2270 1069 2356 procinetionem
1106 2269 1236 2354 praefati
1274 2270 1450 2356 Redulphi,

308 2435 313 2442 ,
403 2371 493 2436 dicto
529 2371 759 2457 praedecessori
796 2376 909 2436 vestro
946 2371 1138 2449 miserimus,
1177 2372 1219 2438 ed
1264 2371 1451 2438 faciendum

400 2472 567 2559 justitium
600 2471 697 2556 dictis
731 2471 882 2557 partibus
904 2471 991 2536 infre
1021 2471 1211 2537 libertatem
1242 2493 1333 2538 suem
1366 2495 1451 2560 pree·

402 2573 547 2652 dictem
569 2574 619 2638 ite
641 2573 738 2657 quod,
759 2593 819 2658 pro
841 2571 972 2637 defectu
990 2572 1143 2657 justitise,
1167 2577 1277 2660 partes
1298 2573 1385 2660 ipses
1407 2575 1450 2640 cd

400 2692 462 2738 nos
484 2693 649 2739 recurrere
672 2673 860 2738 nullatenus
892 2679 1065 2758 oporteret.
1110 2673 1160 2738 Ac
1181 2694 1242 2740 nos
1272 2696 1385 2761 nuper,
1408 2697 1449 2740 ex

400 2775 495 2860 gravi
533 2775 665 2860 querele
698 2773 849 2861 predicti
871 2773 1021 2854 Gulfridi,
1045 2793 1103 2861 per
1132 2775 1323 2860 petit-ionem
1347 2797 1479 2854 suem,-

401 2895 509 2940 corem
543 2874 638 2939 nobis
669 2879 705 2939 et
726 2875 864 2939 concilio
886 2879 1000 2940 nostro
1022 2875 1216 2953 exhibitum,
1247 2876 1448 2962 accipientes,

400 2974 488 3061 quod
519 2980 589 3040 tem
622 2975 657 3038 in
688 2975 824 3040 recordo
855 2979 890 3040 et
921 2996 1075 3061 processu
1106 2977 1143 3040 in
1179 2978 1271 3042 curie
1301 2979 1450 3066 predicti

399 3075 644 3162 praedeoessoris
679 3075 782 3140 vestri
812 3076 890 3141 inde
924 3077 1056 3154 habitis,
1079 3098 1177 3163 quem
1211 3079 1246 3142 in
1278 3079 1341 3144 hoe
1361 3080 1449 3164 quod

399 3175 513 3244 eedem
547 3176 717 3243 recordum
740 3183 774 3242 et
805 3181 973 3264 processus
1002 3179 1039 3243 in
1071 3180 1162 3244 curie
1196 3185 1316 3258 nostre,
1339 3202 1446 3246 cerem

398 3278 495 3344 nobis
517 3278 564 3344 sic
584 3277 848 3357 indeterminate,
871 3300 892 3345 e
921 3279 1012 3345 emis
1033 3279 1099 3361 ille,
1130 3299 1204 3365 quse
1226 3287 1277 3346 est
1298 3303 1447 3368 supreme

400 3381 490 3446 curie
518 3385 640 3458 nostru,
662 3401 765 3468 usque
787 3381 830 3446 ed
860 3381 1056 3467 praedictum
1079 3383 1348 3468 praedecessorem
1378 3407 1450 3450 ves·

399 3489 499 3561 trum,
522 3483 558 3546 in
593 3483 683 3550 curie
714 3469 780 3560 sue,
813 3503 888 3568 quae
917 3483 1052 3548 inferior
1084 3490 1142 3563 est,
1173 3486 1274 3552 misse
1305 3487 1446 3566 fuerunt,

399 3588 514 3649 contre
543 3583 646 3670 legem
683 3588 717 3648 et
743 3583 1012 3649 consuetudinem
1041 3585 1135 3671 regni
1157 3588 1262 3652 nostri
1290 3588 1448 3654 hectenue

398 3685 548 3764 usitatus,
571 3704 694 3750 errores
724 3683 846 3748 diversi
868 3685 1140 3767 intervenerunt;
1162 3709 1229 3774 per.
1252 3690 1337 3774 quod
1360 3692 1447 3759 idern

399 3785 568 3852 Geisridus
583 3786 678 3852 nobis
701 3785 909 3872 supplicavit,
924 3792 964 3851 ut
986 3790 1056 3851 tem
1078 3810 1137 3874 pro
1158 3791 1254 3855 nobis
1275 3811 1373 3876 quum
1389 3815 1447 3879 pro

397 3887 511 3974 seipso,
534 3886 717 3952 remedium
739 3907 838 3973 super
858 3887 920 3952 hoc
943 3887 1015 3952 fieri
1038 3888 1224 3971 faceremus,
1241 3897 1277 3958 et
1297 3915 1365 3971 nos,
1381 3897 1447 3980 qui,

397 3990 526 4055 ratione
563 3988 702 4053 dominii
739 3987 846 4052 nostri
879 3988 1061 4082 superioris,
1095 3990 1233 4076 singulis
1269 3994 1310 4058 de
1346 4017 1446 4082 regno

396 4095 508 4156 nestro
530 4111 643 4156 sumus
665 4089 702 4152 in
717 4089 920 4155 exhibitione
938 4089 1082 4176 justitias
1104 4091 1277 4176 debitores,
1300 4096 1447 4163 volentes

397 4192 485 4277 quod
501 4191 631 4278 justum
654 4190 740 4256 foret
762 4189 834 4254 fieri
855 4191 893 4255 in
915 4191 1103 4277 praemissis,
1134 4195 1227 4260 vobis
1250 4196 1331 4262 alies
1355 4219 1447 4264 men·

397 4291 593 4370 deverimus,
616 4291 704 4377 quod
733 4290 901 4356 recordum
924 4295 959 4356 et
980 4313 1164 4378 processum
1194 4297 1299 4362 totius
1320 4300 1445 4386 negotii

398 4393 587 4480 supradicti,
618 4397 687 4456 tem
711 4413 750 4457 ee
778 4412 852 4476 quae
884 4392 1043 4478 praedicto
1076 4395 1304 4479 predecessori
1334 4406 1444 4466 vestro

398 4494 555 4574 misimus,
578 4498 619 4558 ut
651 4496 702 4557 est
735 4491 870 4570 dictum,
901 4513 1000 4577 quum
1031 4515 1070 4558 ee
1098 4517 1172 4580 quae
1204 4497 1241 4562 in
1262 4499 1355 4566 curie
1385 4523 1445 4566 sue

396 4594 606 4682 postmodum
638 4593 755 4659 habite
785 4593 928 4672 fuerunt,
953 4615 1027 4659 cum
1050 4595 1206 4664 brevibus
1228 4605 1262 4665 et
1292 4601 1445 4668 omnibus
