3524 5716
411 830 496 892 1228
591 843 787 894 suursrsuu
811 843 1012 894 recurrerem
1034 844 1275 894 nuuuuusrrsu.

257 1055 378 1101 armas.
405 1030 506 1114 juxta
527 1030 722 1108 Aukeland’,
755 1037 853 1118 prout
876 1032 912 1095 in
941 1032 1100 1117 praedicta
1133 1037 1224 1098 carta
1257 1032 1454 1110 continetur,
1469 1045 1628 1098 sanans

409 1154 446 1196 ac
469 1133 579 1198 dictus
594 1133 760 1198 Walterus
782 1134 1030 1218 quatuordecim
1049 1155 1141 1198 acras
1156 1133 1253 1212 vasti,
1270 1134 1359 1198 ultra
1373 1154 1456 1218 pree-

408 1234 514 1302 dietas
529 1235 747 1320 quadraginta
761 1257 861 1312 acras,
876 1235 938 1300 sibi
960 1235 1070 1300 minus
1089 1235 1180 1320 juste
1201 1237 1453 1322 appropriasset,

406 1338 495 1402 unde
513 1338 601 1402 inter
619 1338 750 1402 eosdem
774 1337 942 1402 oriebatur
967 1337 1133 1418 dissensio,
1157 1359 1232 1422 quae
1253 1339 1368 1402 sedata
1388 1337 1456 1402 fuit

405 1443 519 1523 postea
534 1439 570 1502 in
586 1439 673 1503 bunc
689 1439 845 1518 modum3
863 1437 1027 1517 videlicet,
1043 1440 1138 1525 quod,
1157 1439 1262 1525 captis
1285 1445 1319 1504 et
1333 1440 1454 1504 saisitis

405 1539 573 1626 praedictis
603 1541 852 1625 quatuordecim
875 1541 959 1606 aeris
994 1541 1080 1605 vasti
1111 1541 1147 1604 in
1177 1561 1277 1606 manu
1304 1541 1453 1627 praedicti

405 1641 528 1705 domiui
553 1641 697 1720 Ricardi,
711 1642 862 1729 episcopi,
885 1646 919 1706 et
941 1642 977 1706 in
999 1641 1119 1708 seisina
1141 1664 1201 1707 sua
1224 1643 1451 1724 existentibus,

404 1743 583 1828 praedictus
616 1743 783 1809 Walterus
815 1743 951 1823 remisit,
975 1749 1017 1821 et,
1040 1765 1099 1830 pro
1134 1765 1168 1809 se
1202 1751 1237 1809 et
1267 1744 1454 1810 haeredibus

404 1845 472 1909 suis
495 1845 532 1909 in
555 1850 762 1932 perpetuum,
786 1845 936 1930 quietum
953 1846 1120 1918 'clamavit
1140 1847 1298 1932 praedicto
1320 1847 1453 1912 domino

404 1944 556 2024 Ricardo,
584 1947 742 2033 episcopo,
767 1952 802 2012 et·
832 1947 1067 2013 successoribus
1089 1948 1167 2028 suis,
1191 1952 1298 2012 totum
1327 1947 1384 2033 jus
1418 1953 1453 2012 et

404 2046 564 2113 clameum
588 2049 676 2133 quod
698 2048 825 2130 habuit,
852 2049 906 2114 vel
930 2049 1050 2114 habere
1083 2049 1203 2135 potuit,
1226 2049 1263 2113 in
1285 2049 1452 2135 praedictis

405 2148 654 2232 quatuordecim
678 2149 761 2214 acris
793 2151 880 2214 vasti
904 2151 940 2213 in
963 2155 1182 2236 perpetuum
1205 2151 1255 2216 ita
1281 2152 1369 2236 quod
1390 2173 1452 2216 nec
1506 2153 1514 2166 ’

404 2250 583 2336 praedictus
598 2251 773 2328 Waiterus,
789 2273 849 2316 nec
864 2252 1009 2317 haeredes
1024 2251 1084 2333 sui,
1101 2253 1236 2338 aliquod
1245 2252 1302 2338 jus
1317 2253 1370 2317 vel
1385 2252 1452 2319 cia-

403 2375 513 2418 meum
540 2353 577 2416 in
603 2353 769 2438 praedictis
792 2353 1042 2439 quatuordecim
1066 2353 1149 2419 acris
1175 2355 1261 2419 vasti
1277 2354 1451 2420 decaetero

404 2455 536 2540 exigere
552 2455 683 2539 poterit,
698 2455 752 2520 vei
767 2455 941 2520 vendicare
956 2479 963 2534 ;
987 2460 1031 2534 et,
1046 2476 1106 2541 pro
1121 2455 1183 2521 bac
1205 2455 1394 2520 remissione
1418 2461 1453 2521 et

403 2555 516 2641 quieta
533 2556 719 2634 clamantia,
730 2557 908 2641 praedictus
924 2556 1077 2621 dominus
1092 2556 1262 2635 Ricardus,
1273 2557 1451 2642 episcopus,

403 2656 562 2722 concessit
592 2662 626 2722 et
657 2657 784 2723 dimisit
815 2658 973 2743 praedicto
996 2657 1144 2723 Waltero
1175 2658 1348 2744 praedietas
1371 2680 1453 2743 qua·

403 2759 586 2826 tuordecim
610 2781 701 2826 acres
715 2759 812 2836 vasti,
827 2759 1015 2824 habendum
1031 2765 1066 2824 et
1081 2749 1260 2824 tenendum
1284 2764 1358 2824 tots
1378 2761 1452 2824 vita

404 2881 464 2924 sua
487 2861 527 2926 de
549 2861 640 2926 dioto
663 2861 795 2926 domino
818 2861 970 2940 Ricardo,
987 2862 1144 2948 episcopo,
1159 2867 1194 2926 et
1215 2863 1451 2928 successoribus

403 2962 480 3039 suis,
502 2961 666 3028 reddendo
698 2963 776 3028 inde
807 2963 980 3028 annuatim
1003 2964 1109 3028 eidem
1141 2963 1298 3050 episcope,
1323 2970 1357 3030 et
1379 2987 1453 3029 suc·

403 3064 582 3129 sessoribus
597 3064 673 3140 suis,
690 3064 732 3128 ad
748 3066 942 3130 scaccarium
955 3065 1176 3130 Dunolmense
1190 3072 1315 3151 septem
1331 3067 1451 3132 solidos

402 3165 445 3230 ad
482 3165 640 3231 terminos
672 3167 709 3230 in
747 3167 935 3253 episcopatu
972 3166 1188 3232 Dnnolmensi
1236 3169 1452 3246 constitutos,

402 3269 453 3333 ita
490 3269 587 3354 quod,
619 3274 694 3354 post
725 3269 891 3334 decessum
923 3269 1071 3355 praedicti
1104 3269 1252 3347 Walteri,
1284 3269 1451 3355 praedicta

403 3371 650 3456 quatuordecim
694 3391 777 3436 aerae
820 3371 909 3435 vasti
947 3371 1103 3456 praedicto
1135 3371 1266 3436 domino
1301 3369 1450 3447 Ricardc,

403 3473 560 3560 episcopo,
581 3477 616 3538 et
638 3472 876 3538 successoribus
899 3473 976 3550 suis,
998 3477 1215 3537 revertantur.
1262 3471 1308 3537 Et
1330 3472 1366 3536 in
1381 3494 1450 3536 om-

403 3575 496 3640 nium
520 3577 813 3661 suprascriptorum
844 3575 1081 3655 testimonium,
1097 3575 1185 3660 parti
1211 3573 1311 3659 hujus
1334 3574 1449 3659 scripti

401 3676 645 3762 chirographati
683 3697 782 3762 penes
815 3675 998 3741 Walterum
1032 3675 1228 3761 praedictum
1257 3676 1449 3752 remanenti,

400 3778 579 3864 praedietus
602 3779 753 3844 dominus
776 3776 945 3854 Ricardus,
968 3777 1144 3864 episcopus,
1175 3778 1318 3863 sigillum
1352 3799 1448 3841 suum

401 3880 523 3966 apponi
556 3880 641 3945 fecit.
687 3881 732 3944 Et
765 3878 860 3943 alteri
893 3900 972 3944 vero
1004 3880 1100 3964 parti,
1125 3900 1222 3964 penes
1253 3878 1449 3964 praedictum

402 3981 571 4046 dominum
611 3981 797 4061 Ricardum,
830 3981 1028 4066 episcopum,
1066 3987 1100 4045 et
1138 4000 1335 4046 successores
1372 4003 1448 4046 suos

401 4083 594 4160 remanenti,
626 4082 769 4168 sigillum
809 4082 958 4168 praedicti
997 4082 1135 4146 Walteri
1170 4087 1220 4146 est
1257 4103 1447 4167 appensum.

402 4185 527 4249 Datum
561 4184 648 4269 apud
683 4183 864 4263 Stoketon’,
899 4184 1017 4268 quinto
1055 4184 1108 4248 die
1143 4185 1263 4248 mensis
1295 4185 1448 4270 Augusti,

401 4309 488 4352 anno
503 4286 638 4351 Domini
655 4287 826 4358 millesimo
844 4285 1071 4349 trecentesimo
1086 4285 1321 4352 tertiodecimo.
1371 4286 1447 4350 Hiis

401 4389 554 4465 testibus,
581 4387 733 4465 dominis,
750 4387 896 4452 Roberto
922 4387 963 4452 de
992 4387 1131 4466 Hiiton',
1148 4386 1289 4453 Ricardo
1306 4387 1449 4452 Merme-

401 4492 483 4570 duc',
499 4490 645 4555 Walters
673 4490 712 4554 de
728 4488 969 4574 Wessyngton’,
994 4489 1121 4552 Thema
1139 4489 1180 4553 de
1196 4489 1446 4573 Whytewortb',

400 4594 547 4658 Jordano
582 4593 622 4656 de
654 4590 800 4672 Dalden',
835 4590 1009 4669 militibus,
1043 4591 1185 4656 Patricio
1217 4592 1258 4656 de
1291 4590 1447 4671 Kellawe,

400 4695 565 4760 Wiltelmo
597 4695 638 4759 de
665 4695 892 4778 Brakenbury,
910 4691 1068 4781 *sicardo
1103 4692 1144 4756 de
1179 4692 1288 4768 Parco,
1321 4693 1446 4778 Rogcro

401 4799 441 4862 de
465 4797 655 4882 Foulthorp‚
680 4798 830 4863 Gilberto
854 4796 893 4860 de
917 4793 1127 4860 Skaresbeck'
1151 4799 1186 4860 et
1207 4795 1287 4860 aliis
