3452 5702
327 755 329 765 ’
384 774 448 839 694
572 783 769 836 ansrsrnuu
791 781 993 832 rsnsrrruu
1016 779 1257 833 uuuumnnsn.

216 989 355 1098 opsonare
384 1009 533 1064 somniaris
572 1010 605 1062 ,d
693 968 887 1048 Willelmus,
910 968 1122 1056 permissione
1153 969 1276 1052 divina,
1308 965 1433 1034 Ebora
1444 973 1610 1030 samma.
1662 933 1670 950 .

217 1065 367 1148 ww„
388 1077 602 1157 [confliciendum
649 1073 754 1138 censis
780 1073 1048 1160 archiepiscopus,
1070 1071 1200 1160 Angliae
1223 1071 1370 1158 primas.
1393 1121 1433 1141 ..

216 1154 372 1258 ffiissffi
388 1145 534 1211 [confina.
651 1174 833 1246 venerabili
864 1175 961 1240 fratri
983 1159 1263 1258 nostro,domino
1281 1173 1433 1254 Ricardo,

386 1277 449 1340 Dei
472 1276 589 1362 gratio,
614 1271 832 1342 Dunolmensi
855 1278 1016 1363 episcopo,
1050 1278 1248 1344 salutemet
1278 1277 1436 1343 fraternae

386 1379 534 1444 caritatis
550 1380 585 1442 in
600 1379 744 1444 Domino
759 1379 952 1444 continuum
967 1380 1213 1446 incrementum.
1258 1381 1310 1444 De
1325 1385 1437 1446 vestra

387 1481 562 1546 devotione
586 1481 712 1546 sincera
734 1480 770 1544 in
793 1479 937 1546 Domino
964 1482 1173 1562 confidentes,
1198 1482 1241 1547 ad
1263 1482 1436 1548 conficien-

389 1582 468 1646 dum
499 1589 534 1647 et
565 1583 819 1648 consecrandum
842 1583 984 1648 chrisma
1006 1589 1040 1648 et
1063 1585 1172 1650 oleum
1195 1589 1354 1660 sanctum,
1376 1584 1439 1648 hcc

388 1684 528 1750 instanti
551 1684 604 1748 die
627 1684 732 1764 Jovis,
755 1686 791 1748 in
815 1685 919 1752 Coena
948 1687 1084 1751 Domini
1107 1686 1143 1751 in
1174 1687 1375 1752 monasterio
1397 1686 1439 1751 ds

389 1786 519 1872 Seleby,
535 1793 655 1852 nostrae
679 1787 890 1865 discessiset
912 1790 954 1854 ad
977 1789 1215 1873 exquirendum
1234 1789 1345 1854 omnia
1366 1811 1440 1874 quae

390 1888 475 1954 circa
509 1888 593 1952 illud
627 1887 769 1954 officium
800 1889 982 1955 necessaria
1011 1891 1145 1968 fuerint,
1173 1891 1228 1956 vel
1249 1891 1351 1956 etiam
1381 1914 1440 1977 op·

390 1995 541 2076 portuno,
574 1989 677 2068 vobis,
701 1995 814 2056 tenore
846 1993 1067 2078 praesentium,
1090 1993 1327 2059 committimus
1352 1993 1440 2058 vices

393 2099 529 2157 nostros.
571 2092 697 2157 Datum
730 2093 820 2180 apud
843 2093 974 2175 Garrod,
994 2095 1080 2179 xvij?
1099 2095 1164 2160 kal
1191 2095 1322 2181 Aprilis,
1351 2117 1438 2160 anno

394 2195 518 2260 Gratiae
546 2195 719 2260 millesimo
741 2195 975 2261 trecentesimo
1003 2197 1258 2282 quartodecimo,
1280 2203 1315 2263 et
1329 2198 1438 2283 ponti-

391 2297 509 2362 ficatus
531 2297 635 2362 nostri
658 2296 791 2364 decimo.

133 2554 135 2561 .
225 2533 374 2594 comaga„
392 2538 543 2590 Commisso
566 2541 598 2592 ad
619 2540 658 2590 in·
736 2501 905 2580 Ricenlus,
922 2507 985 2568 etc.
1001 2503 1120 2572 dilecto
1135 2502 1204 2570 filio
1224 2557 1231 2572 .
1254 2554 1261 2569 .
1286 2504 1441 2570 .officiali

225 2585 366 2679 wffiuon
395 2606 579 2682 [posmodum
607 2623 658 2672 pe·
691 2609 803 2669 nostro
841 2604 1067 2683 Dunolmensi,
1102 2606 1251 2684 salutem,
1287 2611 1347 2672 etc.
1391 2607 1442 2672 De

226 2685 364 2787 afflig?
391 2673 658 2805 ἓωὲἓῗῆἑξζᾞᾝ
691 2711 810 2772 vestrae
822 2706 1120 2792 circumspectionis
1134 2708 1300 2774 industria
1314 2710 1443 2796 plenius

226 2788 367 2838 costumas.
392 2806 586 2857 olfaciendum.
692 2809 902 2887 confidentes,
925 2809 968 2873 ad
997 2809 1236 2876 absolvendum
1269 2812 1306 2876 in
1338 2813 1443 2879 forms

388 2911 473 2996 juris
506 2911 682 2978 Issbellam
714 2913 754 2977 de
786 2909 955 2997 Merleyc
985 2914 1152 2980 sententis
1183 2915 1444 2982 excommunica·

395 3013 504 3091 tionis,
528 3036 626 3099 quam
660 3014 696 3078 in
730 3035 812 3090 eam,
833 3018 967 3100 propter
1000 3014 1104 3100 ipsius
1137 3017 1377 3082 contumaciam
1408 3023 1443 3082 et

394 3115 549 3180 offensam
581 3136 690 3182 coram
710 3114 806 3181 nobis
828 3116 872 3181 cd
894 3117 1089 3182 instantiam
1113 3118 1210 3184 officii
1233 3124 1445 3198 contractam,

395 3217 453 3281 diu
469 3222 519 3281 est
534 3217 822 3308 promulgavimus,
836 3223 871 3282 ot
891 3218 935 3282 ad
949 3220 1208 3306 compellendum
1223 3221 1369 3299 candem,
1384 3243 1444 3308 pro

395 3319 532 3385 crimine
554 3320 699 3386 incestus
722 3325 756 3386 et
785 3319 938 3385 edulterii
965 3341 1040 3386 curn
1069 3321 1224 3388 Johanne
1247 3323 1289 3389 da
1314 3325 1443 3389 Amun-

395 3421 502 3487 devile
533 3422 714 3500 commiss0,
740 3425 774 3488 et
803 3443 913 3488 coram
940 3423 1035 3488 nobis
1065 3423 1212 3510 legitime
1253 3425 1445 3505 confessam,

322 3575 324 3580 ,
394 3525 730 3611 poenitentiamclias
752 3523 817 3589 sibi
842 3546 900 3610 per
926 3546 986 3590 nos
1011 3525 1204 3611 injunctam,
1230 3543 1384 3615 peragere
1411 3533 1447 3594 et

290 3674 295 3686 .
395 3626 539 3712 implere,
564 3647 690 3692 necnon
712 3649 771 3712 pro
794 3627 891 3692 dictis
909 3630 1116 3694 contumacia
1139 3636 1174 3694 et
1197 3629 1322 3695 offensa
1339 3632 1445 3716 poeni-

394 3727 535 3791 tentiam
550 3727 794 3812 imponendum,
810 3734 910 3815 prout
925 3729 961 3793 in
980 3729 1143 3810 schedula,
1159 3752 1259 3818 qnam
1273 3731 1368 3798 vobis
1383 3733 1446 3800 sub

396 3827 504 3916 sigillo
527 3834 640 3894 nostro
662 3829 835 3908 mittimus,
851 3832 1049 3911 continetur,
1069 3839 1104 3897 et
1118 3833 1162 3898 sd
1176 3835 1445 3921 cognoscendum,

394 3931 644 4019 procedendum,
666 3931 950 4017 pronunciandum
973 3939 1008 3998 et
1029 3936 1264 4020 exequendum,
1281 3958 1379 4023 super
1395 3959 1447 4002 re·

395 4034 506 4100 cidivo
528 4033 611 4100 dicti
640 4033 795 4114 criminis,
818 4035 905 4119 quod
935 4056 1009 4101 cum
1041 4037 1154 4102 eodem
1185 4036 1339 4103 Johanne
1369 4045 1445 4126 post

396 4136 637 4223 abjurationem
659 4136 782 4204 dicitur
811 4136 1016 4218 commisisse,
1040 4159 1078 4204 ac
1100 4160 1160 4224 pro
1182 4139 1270 4208 dicto
1292 4141 1446 4227 recidivo,

397 4244 432 4304 et
452 4238 596 4325 perjurio
619 4244 790 4325 propterea
804 4243 981 4318 contracto,
997 4241 1239 4328 injungendum
1253 4243 1360 4309 eidem
1375 4244 1446 4312 Isa-

394 4339 489 4408 bellae
512 4341 549 4405 in
578 4345 700 4406 eventu
729 4363 860 4427 poenam
885 4346 919 4407 et
940 4343 1172 4429 poenitentiam
1201 4345 1387 4428 salutarem,
1411 4351 1447 4414 et

397 4445 506 4508 omnia
528 4444 593 4508 alic
616 4450 650 4508 et
676 4443 804 4530 singula
837 4443 1024 4510 faciendum
1056 4453 1090 4512 et
1120 4448 1346 4529 exercendum,
1370 4472 1445 4536 quae

395 4543 480 4607 circa
509 4544 677 4629 praemissa
705 4545 830 4611 fuerint
849 4548 1045 4630 necessaria,
1078 4549 1172 4615 vobis
1200 4550 1288 4617 sices
1318 4549 1448 4618 nostras

395 4643 639 4727 committimus,
649 4667 724 4712 cum
739 4648 913 4716 coercionis
928 4651 1091 4720 canonicae
1106 4657 1276 4739 potestate.
1322 4655 1448 4722 Datum
