3502 6108
463 755 661 806 annlsrauu
685 755 888 806 mammen
911 757 1152 808 nuumnmrsn.
1247 747 1332 811 1235

280 939 334 1004 vel
364 938 432 1004 suis
455 939 641 1025 assignatis,
663 939 705 1004 de
727 939 869 1006 dominis
890 940 986 1018 feodi,
1017 941 1167 1008 faciendo
1199 942 1335 1007 servitia
1360 961 1481 1011 annau

280 1061 340 1126 pro
363 1041 459 1106 dictis
473 1041 628 1108 maneriis
643 1041 756 1108 debita
777 1047 812 1108 et
835 1047 999 1121 consuete,
1013 1048 1049 1110 et
1070 1043 1236 1110 reddendo
1250 1043 1333 1109 mihi

280 1143 453 1209 annuatim
476 1143 512 1207 in
535 1146 607 1208 tota
628 1142 702 1209 vita
722 1165 880 1232 meapte
902 1146 1049 1212 manerio
1071 1147 1112 1211 de
1134 1146 1278 1232 Kelesey
1299 1151 1333 1212 et

281 1244 480 1322 Themeton,
513 1251 647 1312 eentum
679 1267 805 1312 marcas
842 1247 1082 1334 sterlingorum,
1117 1247 1160 1313 ad
1190 1254 1334 1333 quatuor

280 1347 361 1412 anni
384 1347 540 1412 terminos
562 1347 600 1410 in
621 1347 711 1412 dicto
741 1348 888 1414 manerio
922 1353 1075 1426 statutos,
1098 1354 1133 1415 et
1159 1348 1331 1428 Johannae,

281 1448 378 1514 uxori
400 1469 490 1528 meae,
515 1447 543 1512 si
577 1447 754 1534 contigerit
787 1450 893 1534 ipsam
922 1450 1034 1516 vivere
1057 1456 1132 1538 post
1164 1450 1330 1517 decessum

177 1541 181 1547 ’
280 1571 398 1628 meum,
430 1549 578 1635 quolibet
609 1571 696 1616 anno
730 1551 766 1614 in
797 1556 870 1617 tota
901 1551 974 1617 vita
1004 1573 1072 1628 sua,
1109 1551 1332 1638 quadraginta

279 1673 337 1717 sex
370 1650 471 1718 libras
493 1651 666 1717 tresdecim
689 1651 811 1718 solidos
832 1657 975 1738 quatuor
1006 1653 1167 1734 denarios,
1190 1653 1235 1717 ed
1257 1673 1330 1718 eos-

280 1755 355 1818 dem
373 1753 548 1833 termin0s3
571 1759 614 1832 et,
630 1774 689 1840 pro
713 1753 858 1820 manerio
881 1755 922 1820 de
943 1755 1133 1832 Blnketoft'‚
1155 1755 1332 1820 annuatim

282 1855 318 1918 in
344 1860 417 1921 tota
437 1857 512 1921 vita
534 1877 615 1933 mea,
640 1855 861 1944 quadraginta
882 1879 1009 1922 marcas
1024 1857 1267 1943 sterlingorum,
1289 1856 1332 1922 ad

282 1961 426 2041 quatuor
440 1958 598 2023 terminos
620 1957 657 2021 in
680 1958 768 2024 dicto
783 1959 929 2024 manerio
951 1963 1103 2037 statutos,
1119 1964 1153 2025 et
1168 1959 1191 2023 J
1193 1959 1331 2024 ohannee

280 2059 376 2122 uxori
398 2059 540 2136 meae,si
572 2059 747 2145 contigerit
777 2060 884 2144 ipsam
913 2059 1026 2146 rivere
1057 2065 1133 2146 post
1166 2060 1331 2126 decessum

279 2180 399 2237 meum,
421 2159 569 2245 quolibet
599 2181 686 2226 anno
721 2159 757 2224 in
791 2165 863 2226 tota
884 2161 957 2227 vita
990 2183 1059 2237 sua,
1082 2161 1206 2247 viginti
1229 2161 1331 2227 libras

280 2282 340 2346 pro
370 2260 482 2326 eodem
505 2261 651 2328 manerio
673 2261 714 2327 de
737 2261 916 2340 Blaketoft,
938 2263 982 2328 sd
1004 2263 1135 2328 eosdem
1157 2263 1333 2343 termin0s;

280 2367 315 2427 et
346 2367 422 2449 post
452 2363 619 2430 decessum
641 2367 800 2442 nostrum,
824 2363 955 2449 quietus
984 2363 1030 2429 sit
1056 2364 1234 2451 praedictus
1265 2363 1331 2429 Ro-

281 2463 404 2543 bertus,
426 2469 463 2530 et
484 2464 632 2531 haeredes
663 2465 724 2542 sui,
755 2465 809 2530 vel
840 2465 893 2530 sui
915 2464 1084 2552 assignati,
1107 2466 1148 2531 de
1169 2464 1329 2552 praedicto

282 2566 417 2632 redditu
451 2566 487 2630 in
509 2571 712 2653 perpetuum.
758 2565 804 2632 Et
834 2587 905 2652 ege,
927 2566 1105 2646 Gilbertus‚
1128 2573 1163 2632 et
1184 2567 1330 2634 heredes

281 2668 356 2746 mei,
394 2668 553 2754 praedicto
589 2668 735 2735 Reberto
772 2674 807 2734 et
839 2667 1024 2735 haeredibus
1062 2668 1140 2750 suis,
1179 2670 1232 2735 vel
1263 2669 1332 2734 auis

281 2769 466 2856 assignetis,
488 2769 648 2856 praedicte
669 2770 817 2838 maneria
837 2771 879 2836 de
903 2769 1045 2856 Kelesey
1068 2776 1102 2837 et
1132 2770 1330 2846 Thornetcn,
1452 2811 1455 2818 -

281 2892 348 2936 una
379 2891 454 2938 cum
485 2871 700 2937 advocatione
731 2871 899 2958 praedictae
921 2871 1075 2949 ecclesiae,
1105 2869 1141 2934 in
1172 2869 1334 2938 comitatu

282 2973 482 3059 Lyneolniae‚
503 2978 538 3038 et
560 2973 687 3040 dictum
710 2973 893 3040 manerium
924 2973 965 3039 de
994 2972 1184 3050 Blaketcit',
1215 2973 1252 3037 in
1281 2992 1334 3039 co·

281 3075 402 3142 mitatu
434 3075 582 3154 Eboraci,
616 3097 691 3142 cum
723 3075 875 3141 omnibus
898 3074 1107 3162 pertinentiis
1137 3074 1214 3152 suis,
1249 3073 1334 3139 sicut

281 3177 477 3262 praedictum
498 3182 557 3256 est,
580 3176 796 3243 nihilominus
818 3181 934 3244 contra
956 3197 1068 3242 omnes
1090 3175 1249 3252 homines,
1263 3177 1333 3240 tam

284 3278 488 3344 Christianos
519 3299 619 3363 quam
650 3277 794 3356 Judaeos,
832 3276 1132 3356 warantizabimus,
1165 3277 1335 3361 acquieta-

283 3379 393 3444 bimus
415 3383 450 3444 et
471 3379 692 3457 defendemus,
707 3379 744 3443 in
759 3384 973 3464 perpetuum·
1003 3379 1045 3442 In
1059 3377 1153 3463 cujus
1168 3377 1216 3443 rei
1240 3376 1333 3442 testi·

283 3481 438 3556 monium,
469 3479 547 3546 huic
569 3479 689 3566 scripto
712 3481 869 3566 praesenti
890 3480 1034 3567 sigillum
1057 3499 1168 3544 meum
1190 3478 1336 3564 apposui.

285 3582 362 3646 Hiis
383 3580 535 3657 testibus,
556 3581 722 3646 Willelmo
755 3581 797 3647 de
828 3581 905 3658 Itos,
927 3580 1081 3646 Johanne
1115 3579 1334 3656 Marmaduk',

285 3683 438 3749 Johanne
468 3682 509 3747 de
542 3681 623 3759 Yce,
646 3681 831 3749 Guicbardo
863 3682 905 3746 de
937 3681 1102 3760 Obarron',
1135 3679 1262 3746 Thema
1295 3680 1337 3746 de

286 3784 484 3871 Herington‚
500 3784 625 3849 Jaccbo
647 3784 778 3870 Byrcn',
794 3783 922 3848 Thema
943 3782 985 3848 de
1008 3782 1165 3859 Metham,
1191 3781 1337 3846 Roberto

287 3887 328 3952 de
361 3885 498 3962 Balliol’‚
520 3885 692 3961 militibus,
714 3885 904 3951 Helenardo
936 3884 977 3950 de
1003 3883 1246 3966 Sautemerays,
1278 3882 1338 3947 Ja-

191 3983 197 3998 ’
284 3987 364 4054 cobo
387 3987 525 4074 Batayl’‚
549 3994 583 4053 et
604 3987 686 4053 aliis
733 3987 778 4053 Et
799 3987 843 4052 ad
865 3986 1020 4071 majorem
1044 3985 1144 4071 hujus
1174 3985 1222 4050 rei
1246 4005 1337 4051 seeu-

287 4089 430 4166 ritatem,
446 4089 591 4176 sigillum
608 4088 759 4175 praedicti
774 4087 911 4154 Roberti
933 4087 995 4154 fflii
1017 4087 1092 4168 mei,
1115 4085 1194 4154 huic
1216 4087 1339 4172 scn'pto

288 4191 446 4279 praesenti
469 4197 521 4256 est
542 4176 729 4278 appensum.

535 4419 541 4428 ·
603 4395 676 4462 Hoc
690 4397 850 4483 scriptum
877 4391 1167 4480 chirographatum
1189 4394 1342 4471 testatur,
1355 4413 1464 4460 suntor
1539 4367 1543 4374 ¹

288 4478 364 4539 Μ’
388 4475 529 4528 Hmmd·
558 4498 646 4584 quod
668 4519 743 4565 cum
762 4497 930 4564 Gilbertus
953 4494 1140 4574 Haunsard'
1160 4463 1481 4609 feoffavelitffiiirc

289 4611 473 4677 Rcbertum
500 4601 693 4696 ,Haunsard'
714 4601 822 4668 filium
845 4621 949 4678 suum,
973 4601 1016 4666 de
1037 4598 1184 4666 manerio
1205 4601 1241 4664 et
1262 4597 1344 4664 villa
1356 4579 1481 4669 sosatii

1100 4702 1209 4768 ΝΗ

72 5375 1687 5894 .'.-=e
