3530 5708
376 725 441 788 808
554 728 752 784 snoraraou
777 721 980 776 passumus
999 719 1243 772 nuammssss.

226 923 281 967 sn
291 927 347 968 rara
702 914 870 992 Ricardrm,
900 911 1112 999 permissione
1142 908 1268 986 divina,
1297 904 1594 973 smol-sermea

209 985 333 1080 iim
377 983 624 1049 murmurantem
659 1016 780 1083 mensis
810 1013 989 1102 opiscopus,
1011 1011 1132 1077 dilecto
1154 1010 1262 1087 filio„
1286 1006 1420 1074 arohi-

209 1086 337 1128 cumanos

209 1135 349 1179 νιιιιιιιιιιι
378 1119 515 1184 dmmno
537 1121 651 1184 nostro
666 1115 892 1193 Dunolmeusi,
907 1115 961 1180 vel
983 1112 1076 1199 ejus.
1093 1111 1256 1191 ‚officiali
1272 1109 1423 1188 sulutem,

210 1187 355 1278 Ϋιῖὦθιιοθ
377 1221 521 1306 gratiam
543 1226 578 1286 et
601 1219 873 1287 benedictionem.
920 1215 1008 1296 Quia
1021 1214 1191 1280 ecelesiam
1206 1213 1423 1300 parochialem

90 1348 93 1356 ·
210 1285 329 1380 iffi?
306 1336 341 1382 tn
379 1322 419 1386 de
441 1322 634 1402 Wermuth',
656 1345 715 1408 per
737 1325 876 1388 mortem
899 1317 1025 1384 domini
1046 1316 1211 1382 Johannis
1232 1317 1274 1382 de
1290 1315 1426 1400 Orraby,

378 1422 490 1488 ultimi
513 1423 648 1490 rectoris
669 1423 825 1509 ejusdem,
840 1423 1023 1496 vacantem,
1038 1423 1074 1484 ot
1094 1419 1138 1484 ad
1160 1440 1219 1484 nos
1222 1423 1307 1483 tram
1330 1415 1427 1483 oolla-

379 1526 503 1590 tionem
538 1525 682 1612 pleno'
666 1546 744 1611 Jure
780 1527 992 1610 spectantem,
1030 1520 1152 1588 dilecto
1182 1521 1259 1600 filio,
1294 1521 1427 1585 domino

381 1625 546 1692 Willelmo
583 1628 625 1694 do
661 1627 878 1713 Ayremynne
915 1623 1125 1704 contulimus,
1164 1645 1238 1688 cum
1275 1624 1429 1688 omnibus

376 1728 510 1814 juribus
545 1733 581 1794 et
616 1729 829 1816 pertinentiis
861 1727 940 1806 suis,
974 1727 1102 1792 intuitu
1139 1725 1298 1803 caritatis,
1332 1725 1426 1790 vobis

383 1826 588 1913 mandamus,
620 1832 778 1918 quatinus
800 1831 977 1918 praefatum
1010 1829 1184 1894 dominum
1218 1827 1428 1908 willelmum,

385 1935 438 1999 vel
474 1933 580 2020 ipsius
617 1938 860 2021 procuratorem
898 1951 959 1999 suo
993 1933 1126 1997 nomine
1156 1933 1192 1996 in
1229 1932 1429 2018 corporalem

384 2037 619 2122 possessionem
634 2037 732 2104 dictae
747 2037 890 2102 ecclesiae
912 2035 1089 2114 inducatis,
1104 2039 1139 2100 et
1160 2034 1343 2112 inductum,
1360 2036 1430 2100 vice

383 2143 507 2218 nostra,
544 2139 700 2204 canonice
736 2137 931 2204 defendatis
990 2136 1116 2202 Datum
1155 2136 1243 2222 apud
1275 2137 1428 2222 Rychale,

384 2239 492 2326 xxvjo.
517 2239 570 2306 die
591 2237 695 2318 Junii,
717 2237 970 2308 consecrationis
992 2243 1115 2306 nostrae
1137 2260 1225 2305 anno
1247 2245 1352 2306 sesto.

313 2473 564 2554 mucommssioin
572 2505 647 2543 mm
725 2439 895 2525 Ricardus‚
918 2441 1132 2529 permissione
1155 2443 1279 2525 divina,
1307 2441 1432 2510 Dunol-

313 2523 647 2610 ”walterius-flamer-
680 2547 802 2612 mensis
816 2547 996 2633 episcopus,
1020 2545 1161 2611 discreto
1176 2547 1257 2627 viro,
1274 2546 1431 2634 magistro

680 2648 778 2714 Petro
801 2647 841 2713 de
864 2645 1093 2735 Fyssheburn',
1122 2655 1281 2736 perpetuo
1310 2647 1432 2714 vicario

253 2674 359 2806 ωοιιῗῨ
384 2747 526 2818 ecclesiae
558 2750 752 2837 parochialis
789 2749 831 2815 de
863 2749 1141 2828 Northalverton',
1178 2749 1326 2830 salutem,
1359 2771 1433 2816 cum

384 2630 436 2675 ton.

217 2825 294 2907 mn
354 2893 360 2908 ·
312 2824 610 2918 ⁰benediotione
633 2851 755 2918 divina
800 2853 851 2918 De
876 2851 995 2918 vestris
1017 2851 1305 2939 circumspectione
1327 2857 1362 2918 et
1383 2851 1433 2917 in·

386 2954 514 3020 dustria
531 2956 661 3041 plenam
683 2955 838 3020 fiduciam
861 2954 1057 3034 obtinentes,
1073 2955 1116 3020 ad
1138 2955 1384 3035 absolvendum,
1399 2957 1435 3020 in

386 3057 492 3122 forma
510 3056 605 3142 juris,
621 3057 820 3144 magistrum
845 3057 1029 3122 Walterum
1053 3057 1095 3122 de
1110 3057 1313 3136 Hemerton’,
1329 3063 1434 3124 recto-

387 3180 456 3225 rem
478 3159 621 3225 ecclesia
652 3159 693 3224 de
709 3157 872 3243 Gouaeby,
894 3159 983 3223 infra
999 3158 1263 3244 jurisdictionem
1286 3165 1433 3226 nostram

387 3262 429 3326 de
451 3261 703 3326 Alvertonshire
736 3261 919 3342 existentis,
943 3283 964 3326 a
986 3263 1151 3327 sententis
1176 3263 1435 3328 excommunica·

386 3364 487 3429 tionis
518 3364 554 3429 in
587 3363 728 3430 eundem
751 3385 810 3450 per
845 3363 1002 3429 dilectum
1040 3364 1202 3446 clericum,
1240 3367 1435 3452 magistrum

388 3467 565 3533 Biennium
578 3467 632 3530 .de
664 3467 799 3552 Eryum‚
817 3466 904 3552 juris
925 3465 1035 3532 civilis
1066 3469 1288 3554 professorem,
1310 3468 1434 3536 dictam

363 3565 381 3622 -’
385 3567 650 3654 jurisdictionem
683 3572 830 3634 nostram
861 3587 968 3656 nuper
995 3569 1069 3635 vice
1098 3576 1213 3636 nostra
1235 3571 1435 3648 visitantem,

388 3693 447 3756 pro
469 3669 683 3747 contumaciia
698 3669 751 3736 vel
766 3669 897 3736 offensis
911 3691 1019 3738 coram
1033 3693 1073 3736 eo
1088 3671 1271 3750 contractis,
1289 3672 1434 3760 legitime

387 3771 605 3859 promulgata,
629 3769 765 3858 ipsique,
792 3793 851 3859 pro
872 3773 1002 3851 eisdem,
1018 3775 1252 3860 imponendum
1273 3777 1435 3863 poeniten·
1515 3804 1517 3808 ¹

389 3874 472 3940 tiam
494 3873 695 3955 salutarem
718 3895 845 3940 necnon
867 3877 911 3941 ad
924 3876 1178 3958 reformandum,
1200 3879 1436 3966 corrigendum,

389 3982 423 4042 et
434 3975 646 4063 puniendum,
659 3997 810 4043 excessus
825 3983 860 4044 et
873 3978 1013 4046 crimina
1026 3986 1142 4047 centra
1155 3981 1296 4046 eundem
1312 3983 1437 4048 Walte-

388 4101 463 4145 rum
485 4080 522 4144 in
542 4079 633 4146 dicta
654 4079 847 4147 visitatione
867 4087 1042 4170 comperta,
1058 4103 1132 4170 quas
1154 4084 1248 4151 vobis
1262 4085 1437 4164 mittimus,

389 4182 498 4268 sigillo
520 4186 632 4249 nostru
654 4182 801 4262 inclusa3
824 4189 859 4249 et
879 4185 1050 4252 adomnia
1070 4186 1137 4254 alia
1158 4193 1194 4254 et
1215 4189 1347 4276 singula
1360 4190 1436 4256 faei-

389 4285 511 4351 endum
533 4309 608 4372 quae
630 4286 667 4352 in
688 4285 750 4352 hac
764 4291 858 4374 parta
880 4290 1061 4356 necessaria
1076 4289 1199 4358 suerint
1210 4317 1219 4374 3
1241 4293 1336 4359 vobis
1351 4295 1438 4361 vices

388 4393 518 4454 nostras
533 4389 779 4470 committimus,
795 4411 871 4458 cum
886 4393 1062 4460 coercionis
1083 4397 1248 4462 canonicae
1269 4403 1436 4484 potestate.

389 4489 524 4556 Proviso
546 4493 635 4578 quod
657 4499 863 4579 sequestrum
887 4495 923 4562 in
944 4496 1035 4566 dicta
1056 4499 1192 4566 ecclesia
1214 4500 1256 4566 da
1279 4499 1438 4588 Oouseby,

389 4592 588 4660 aucto1itato
611 4599 734 4674 nostra,
757 4597 997 4685 interpositum,
1032 4601 1102 4668 sine
1139 4603 1296 4671 mundato
1327 4611 1438 4673 nostro
