3538 5712
404 743 490 809 1168
580 755 780 808 aamercort
803 753 1004 806 emmanu
1026 749 1270 804 nnnunuuusn

256 965 378 1012 1111111.
402 966 542 1015 cessores
564 946 625 1026 sui,
646 945 683 1010 in
705 944 828 1010 eisdem
843 943 1049 1032 portionibus
1075 942 1230 1009 canonico
1251 963 1274 1010 a
1302 947 1452 1029 tempore
1467 954 1626 1009 turrim

404 1048 577 1116 divisionis
611 1048 779 1136 praedictae
802 1047 953 1125 eoclesiae,
983 1051 1023 1112 ut
1044 1047 1269 1134 praemittitur,
1292 1047 1451 1130 instituti,

404 1173 459 1218 ees
491 1152 539 1218 sio
572 1151 749 1238 separatim
782 1150 998 1238 possederunt
1030 1170 1158 1235 semper
1189 1150 1349 1216 haetenus
1379 1154 1454 1234 poet

405 1259 534 1342 tempus
568 1254 774 1341 praedictum,
806 1251 969 1334 continue,
1003 1252 1137 1338 pacifice
1167 1257 1203 1316 et
1244 1252 1453 1330 inconcueee;

405 1363 538 1444 propter
561 1357 657 1443 quod,
670 1377 730 1443 pro
752 1355 917 1420 divisione
939 1355 1019 1440 ipsa,
1042 1359 1077 1420 et
1100 1354 1284 1420 retentione
1307 1374 1367 1420 sua
1392 1353 1453 1419 hu-

400 1461 555 1546 jusmodi,
577 1459 787 1546 pronunciari
820 1458 1003 1522 instantius
1040 1458 1239 1543 petiverunt.
1294 1456 1453 1543 Cumque,

404 1585 503 1650 super
517 1562 583 1628 hiis
598 1562 737 1626 diversis
752 1560 1005 1648 probationibus
1019 1559 1152 1636 habitis,
1168 1565 1203 1624 et
1228 1565 1300 1626 toto
1322 1560 1454 1647 negotio
1530 1613 1533 1620 ,

405 1666 499 1752 plene
532 1664 685 1741 discusse,
709 1663 898 1750 ponderatis
930 1663 1082 1727 omnibus
1116 1683 1191 1746 quae
1220 1661 1454 1748 1111111111-

404 1767 559 1843 deranda,
591 1765 818 1832 invenerimus
852 1765 1022 1852 proposita
1054 1763 1253 1848 hujusmodi,
1286 1783 1327 1826 ex
1360 1769 1453 1850 pnite

405 1869 568 1936 dictorum
602 1865 877 1954 portionaricrum
916 1872 951 1932 et
996 1870 1220 1952 patronorum,
1257 1863 1454 1931 sufficienter

404 1992 473 2036 esse
495 1970 643 2056 probata,
669 1974 704 2034 et
733 1969 823 2034 omni
845 1969 987 2034 veritate
1010 1967 1129 2051 fulciri,
1153 1989 1221 2048 nos,
1245 1967 1454 2033 attendentes

405 2072 587 2138 utilitatem
617 2071 720 2157 ipsius
750 2071 893 2138 ecclesiae
915 2073 952 2136 in
981 2072 1044 2138 hac
1073 2077 1177 2157 purte,
1192 2068 1331 2134 eandem
1354 2069 1452 2135 eccle·

405 2175 497 2254 siam,
520 2174 557 2238 in
581 2174 686 2239 forma
712 2174 933 2259 suprascripta
955 2173 1074 2238 debere
1096 2192 1264 2237 remanere
1286 2173 1453 2258 perpetuis

297 2263 302 2276 ⁸
404 2277 607 2364 temporibus
628 2276 779 2354 divisam,
794 2282 829 2341 et
850 2275 1033 2362 portionem
1049 2295 1148 2360 quam
1171 2273 1280 2338 dictus
1302 2273 1454 2338 dominus

404 2381 572 2446 Johannes
595 2380 731 2456 obtinet,
755 2399 833 2444 cura
855 2383 890 2442 et
912 2376 1066 2442 oneribus
1088 2375 1356 2442 incumbentibus
1378 2398 1454 2441 one·

405 2489 520 2564 ratam,
536 2483 687 2569 portione
710 2481 815 2548 altera
838 2483 1029 2545 remanente
1051 2479 1094 2544 ab
1117 2479 1206 2542 omni
1229 2500 1327 2545 onere
1349 2479 1453 2544 libera

405 2586 547 2672 penitus,
568 2589 603 2650 et
626 2585 774 2662 immuni,
805 2583 846 2648 de
876 2583 1039 2649 dictorum
1071 2586 1284 2669 patronorum
1315 2587 1350 2647 et
1379 2603 1453 2668 por·

404 2688 618 2754 tionariorum
641 2707 800 2752 consensu
830 2707 990 2771 expresso,
1014 2685 1267 2772 pronunciamus
1289 2690 1324 2750 et
1345 2685 1453 2750 decer·

405 2791 516 2854 nimus
538 2789 780 2854 sententialiter
803 2807 861 2873 per
883 2787 954 2854 haec
976 2789 1106 2874 scripta.
1165 2787 1207 2852 In
1229 2809 1367 2874 quorum
1389 2794 1455 2854 tes-

404 2891 589 2968 timonium,
604 2890 749 2976 sigillum
772 2894 922 2954 nostrum
953 2890 1169 2976 praesentibus
1192 2895 1242 2954 est
1263 2911 1452 2976 appensum.

404 2994 529 3058 Datum
563 2992 652 3078 apud
693 2992 876 3071 Stoketon',
914 2990 984 3058 xv⁰.
1022 2992 1076 3057 die
1117 2993 1329 3079 Septembris,
1365 3015 1453 3058 anno

405 3095 540 3160 Domini
573 3093 746 3160 millesimo
779 3095 1008 3162 trecentesimo
1031 3093 1231 3174 duodecimo,
1254 3099 1289 3159 et
1320 3096 1453 3183 pontifi·

405 3201 498 3264 catus
521 3197 626 3264 nostri
650 3197 801 3264 secundo.

404 3435 481 3486 cm,
526 3431 654 3484 solennis
749 3401 918 3484 Ricardus,
941 3403 1154 3488 permissione
1177 3401 1302 3484 divina,
1326 3403 1453 3470 Dunol-

372 3503 434 3560 0⁶0
450 3501 595 3552 svenwoez
704 3505 824 3570 mensis
847 3505 1025 3590 episeopus,
1049 3504 1201 3570 omnibus
1222 3505 1307 3570 hanc
1329 3511 1452 3572 emtam

235 3579 249 3610 ⁰
287 3579 341 3660 {⁰0sp
405 3594 526 3672 visuris
560 3607 615 3672 vel
646 3607 818 3686 audituris,
846 3607 992 3672 sulutem
1026 3606 1063 3670 in
1094 3607 1245 3672 Domino.
1283 3607 1452 3673 Noveritis

403 3729 463 3774 nos
486 3708 626 3786 dedisse,
645 3710 846 3786 concessisse,
862 3713 897 3773 et
919 3708 979 3773 1111
1000 3715 1093 3774 carta
1110 3714 1224 3774 nostra
1238 3709 1453 3786 confirmasse,

404 3811 551 3878 «Iohanni
584 3811 615 3875 le
656 3810 932 3888 Stiwardmanne,
956 3811 997 3876 de
1029 3811 1227 3888 Evenwode,
1265 3812 1388 3898 viginti
1419 3819 1453 3878 et

404 3914 487 3980 duas
517 3935 610 3980 acras
634 3914 828 3992 rusticum
850 3912 1071 3999 pertinentiis,
1093 3913 1130 3978 in
1162 3913 1332 3999 Softcley;
1365 3915 1453 4000 quod

403 4016 536 4101 quidem
570 4019 703 4080 vastum
734 4015 869 4081 abuttat
891 4036 990 4100 super
1023 4021 1144 4080 terram
1168 4015 1251 4080 dicti
1281 4015 1453 4095 lobannis,

403 4120 440 4184 in
462 4117 614 4184 orientali
637 4116 753 4204 capite,
782 4119 820 4182 in
852 4116 966 4184 eadem
990 4115 1080 4198 villa,
1104 4123 1139 4182 et
1172 4138 1206 4182 11
1236 4117 1389 4183 extendit
1418 4119 1454 4184 in

402 4223 546 4306 longum,
583 4221 671 4286 inter
713 4225 836 4285 terram
874 4241 948 4305 quoe
971 4223 1108 4286 vocatur
1141 4217 1386 4296 “Bennefeld',”
1419 4225 1454 4285 et

403 4345 527 4388 moram
551 4323 592 4388 de
623 4322 767 4408 Morley;
803 4315 983 4402 tenendum
1005 4326 1040 4387 et
1070 4320 1260 4386 habendum
1283 4322 1372 4387 dicto
1395 4322 1454 4388 Jo-

403 4427 516 4505 hanni,
532 4421 720 4490 haeredibus
742 4431 777 4490 et
798 4425 975 4512 assignatis
997 4425 1076 4501 suis,
1098 4425 1141 4490 de
1154 4423 1251 4490 nobis
1273 4429 1309 4490 et
1330 4445 1454 4490 succes·

404 4527 532 4591 acribus
554 4526 685 4603 nostrie,
706 4527 816 4604 libere,
839 4525 972 4612 pacifice
1000 4530 1036 4590 et
1059 4525 1180 4611 quiete,
1204 4545 1279 4591 cum
1303 4526 1454 4592 omnibus

402 4629 613 4713 pertinentiis
642 4627 697 4712 [ad
727 4629 884 4712 praedicta
925 4631 1114 4693 tenementa
1153 4627 1387 4714 spectantibus,
1418 4629 1453 4692 in

402 4735 613 4816 perpetuum3
646 4731 812 4797 reddendo
834 4731 911 4794 inde
941 4731 1112 4794 annuatim
1146 4729 1241 4795 nobis
1264 4735 1299 4796 et
1328 4751 1453 4798 sueces-
