3538 5712
408 781 494 844 1120
591 792 789 844 nnumreun
811 789 1012 841 rnnnrrnuu
1035 788 1277 841 nunnnuunsn.

275 990 375 1038 nmo.
405 979 516 1045 valeat
546 978 714 1066 imputari.
760 977 794 1043 Si
827 998 905 1042 vero
937 975 1087 1041 homines
1123 973 1222 1039 blanc
1255 975 1387 1042 venalia
1420 973 1455 1040 in
1469 987 1633 1043 anama
1754 951 1755 954 Ἴ

404 1085 516 1144 vestra
553 1079 687 1144 dioecesi
725 1077 913 1142 obtinentes
950 1074 1126 1141 monitioni
1163 1079 1283 1141 vestrae
1320 1075 1356 1141 in
1395 1075 1454 1142 hae

404 1186 498 1267 perte
520 1179 778 1266 contempserint
808 1177 949 1256 obedire,
973 1182 1008 1242 et
1040 1175 1136 1242 nobis
1158 1176 1236 1242 inde
1258 1177 1454 1255 constiterit,

305 1290 320 1348 .'
405 1305 472 1360 nos,
496 1288 629 1370 propter
650 1279 879 1347 necessitatem
901 1281 1121 1366 ingruentem,
1143 1277 1334 1344 nullatenus
1360 1280 1457 1344 omit·

405 1393 523 1466 temus,
546 1387 628 1473 quin
650 1407 749 1472 super
769 1385 831 1450 hoc
852 1384 1009 1449 faciamus
1038 1383 1182 1449 maxime
1204 1393 1263 1469 pro
1293 1389 1456 1450 sustenta·

405 1489 496 1556 tione
518 1487 631 1575 populi
653 1487 758 1553 nostri
782 1507 961 1573 congruum
984 1484 1164 1550 remedium
1187 1484 1347 1563 adhiberi,
1369 1485 1456 1571 qnod

405 1591 447 1656 de
483 1589 617 1656 consilio
648 1593 762 1654 nostro
794 1587 865 1653 fore
897 1587 1078 1652 viderimus
1110 1586 1306 1654 faciendum.
1361 1586 1463 1652 Teste

405 1691 539 1778 meipso,
570 1690 659 1778 apud
690 1688 1028 1769 westmonasterium,
1059 1687 1182 1773 xxiiijo.
1226 1687 1280 1754 die
1323 1689 1456 1775 Aprilis,

405 1814 492 1862 anno
516 1793 610 1880 regni
633 1792 740 1858 nostri
762 1812 857 1857 nono

239 2010 375 2106 meunffi:
406 2043 430 2094 B
540 2043 545 2054 .
615 2043 648 2092 oa
793 1991 986 2065 Edwardus,
1010 1988 1074 2054 Dei
1095 1989 1212 2075 gretia,
1234 2009 1294 2054 rex
1315 1987 1454 2074 Angliae,

239 2062 359 2165 illitis
406 2057 715 2186 pisleriiaiiiiiuassiiini
748 2097 901 2162 dominus
916 2095 1097 2174 Hiberniae,
1114 2099 1148 2160 et
1164 2095 1234 2160 dux
1256 2094 1455 2180 Aquitanise

238 2161 394 2212 Dnrhamnot
406 2191 438 2227 θα
455 2176 563 2226 lenm·
893 2197 925 2212 ..
960 2197 967 2211 .
1095 2197 1102 2210 .
1264 2197 1271 2210 .
1339 2195 1346 2210 .

239 2213 373 2304 poppaeo
437 2191 454 2238 Ρ
748 2197 928 2263 venerabrh
958 2217 995 2260 ιιι
1025 2196 1158 2262 Christo
1184 2198 1283 2282 patm,
1307 2195 1455 2274 merda,

135 2327 138 2333 ·
237 2273 388 2356 ilduilm
406 2297 520 2362 eadem
563 2298 679 2384 gratia,
727 2300 878 2386 episcopo
916 2298 1142 2377 Dunolmensi,
1175 2297 1324 2364 salutem.
1370 2295 1457 2376 Quia
1576 2363 1583 2374 ,

241 2361 374 2456 {pppis
407 2398 523 2465 datum
555 2405 605 2464 est
634 2399 729 2464 nobis
755 2400 905 2486 intelligi,
928 2400 1016 2485 quod
1031 2399 1160 2464 Alanus
1183 2399 1224 2464 de
1246 2398 1383 2464 Tesdnle
1405 2421 1456 2463 ar·

405 2499 563 2565 rainievit
578 2521 687 2566 eoram
708 2499 903 2587 justiciariis
918 2501 1037 2566 vestris
1060 2500 1225 2566 libertatis
1250 2500 1457 2587 episcopatus

405 2602 508 2667 vestri
538 2601 699 2687 praedicti,
721 2624 788 2688 per·
810 2602 911 2668 breve
942 2607 1099 2681 vestrum,
1124 2601 1290 2686 quandam
1322 2601 1457 2666 assisam

406 2700 513 2768 Novae
535 2701 725 2769 Disseisinae
757 2725 871 2770 versus
901 2703 1060 2769 Thomam
1090 2702 1197 2767 filium
1229 2707 1263 2768 et
1294 2703 1457 2769 baeredem

407 2801 578 2887 Guydonis
601 2803 642 2868 de
658 2803 750 2869 Bello
775 2803 907 2891 Campo,
924 2805 1089 2890 quondam
1111 2803 1241 2869 comitis
1255 2803 1456 2889 Warrewyk’

406 2902 561 2984 defuncti,
592 2904 649 2989 qui
680 2905 721 2970 de
747 2905 841 2970 nobis
874 2905 984 2970 tenuit
1010 2906 1046 2969 in
1069 2904 1188 2992 eapite,
1214 2903 1303 2969 infra
1324 2910 1457 2972 aetatam

405 3008 440 3068 et
462 3003 499 3068 in
521 3005 671 3070 orstodia
690 3010 806 3070 nostra
828 3006 1035 3084 existentem,
1058 3011 1093 3071 et
1115 3005 1196 3072 alios
1219 3006 1255 3070 in
1277 3006 1371 3070 brevi
1387 3027 1457 3071 ves·

405 3110 458 3172 tro
481 3105 634 3192 originali
657 3109 837 3186 contentos,
861 3108 902 3172 de
924 3107 1123 3173 tenementis
1144 3107 1181 3171 in
1204 3105 1455 3194 langeneuton’,

405 3203 493 3269 infra
510 3204 699 3272 libertatem
721 3212 864 3272 vestram
879 3207 1072 3293 praedictam
1084 3231 1093 3287 ;
1115 3229 1189 3293 quae
1211 3207 1344 3293 quidem
1367 3211 1456 3272 tene-

407 3310 528 3385 menta,
551 3328 610 3394 per
639 3313 778 3374 mortem
800 3307 951 3395 praedioti
990 3308 1171 3394 Guydonis,
1203 3329 1260 3394 per
1298 3307 1454 3374 dilectum

406 3406 559 3472 clericum
574 3414 731 3489 nostrum,
756 3409 939 3475 Robertum
962 3408 1002 3474 de
1026 3409 1239 3487 Oliderhowe,
1261 3413 1455 3474 esoaetorem

407 3514 556 3574 nostrum
572 3509 660 3575 ultra
686 3510 852 3591 Trentam,
868 3509 911 3575 de
933 3509 1091 3576 mandato
1113 3509 1235 3588 noetio,
1260 3515 1357 3596 cepte
1378 3514 1456 3575 sunt

407 3609 443 3674 in
465 3629 599 3675 manum
622 3615 779 3690 nostram,
800 3617 835 3676 et
849 3611 886 3677 in
908 3632 1009 3677 manu
1032 3617 1154 3692 nostra,
1171 3611 1299 3677 ratione
1320 3611 1456 3676 minoris

407 3711 517 3777 aetatis
543 3711 692 3797 praedioti
725 3711 874 3792 haeredis,
904 3719 943 3779 ut
972 3712 1103 3791 dicitur,
1125 3712 1283 3790 existunt,
1308 3717 1343 3779 et
1368 3713 1455 3798 quod

299 3866 301 3872 .
401 3812 580 3898 justiciarii
623 3813 728 3879 vestri
772 3814 932 3900 proedicti,
961 3835 1028 3880 non
1066 3813 1182 3881 habito
1219 3818 1369 3901 respectu
1413 3815 1456 3882 ad

406 3914 581 4000 premisse,
605 3911 649 3978 sd
688 3913 824 3980 assisam
854 3915 932 3980 inde
970 3915 1163 4002 capiendam
1198 3915 1372 4002 procedere
1405 3917 1455 3981 in·

355 4013 357 4018 ⁴
406 4015 573 4095 tendunt3
608 4036 668 4102 per
696 4015 794 4102 quod,
827 4016 855 4081 si
884 4017 928 4082 ad
965 4017 1102 4082 assisam
1139 4015 1232 4082 illam
1262 4016 1454 4104 capiendam

406 4116 641 4203 procederetur,
678 4123 748 4182 tem
777 4116 873 4183 nobis
915 4117 1152 4204 prejudicium,
1183 4138 1283 4204 quem
1318 4117 1455 4206 praefato

407 4217 530 4284 haeredi
552 4217 825 4284 exhaeredationis
846 4218 1036 4304 periculum,
1063 4224 1199 4305 possent
1222 4219 1263 4286 de
1284 4219 1374 4286 facili
1396 4219 1456 4284 im·

407 4320 549 4402 minere;
572 4342 640 4398 nos,
656 4321 713 4407 qui
746 4320 824 4409 jura
846 4326 880 4386 et
909 4321 1128 4407 possessiones
1164 4321 1332 4388 haeredum
1369 4322 1455 4386 infra

407 4425 540 4488 aetatem
563 4427 597 4486 et
619 4422 657 4486 in
678 4423 828 4488 custodia
853 4429 966 4487 nostra
1000 4423 1214 4488 existentium
1236 4430 1455 4501 manutenere,

408 4528 443 4587 et
464 4524 519 4600 eis,
544 4543 617 4589 oum
640 4523 683 4588 ad
705 4511 835 4608 plenem
860 4529 993 4589 aetatem
1014 4545 1107 4590 suam
1119 4526 1335 4612 peruenerint,
1352 4529 1469 4590 terras·

407 4629 443 4688 et
464 4627 654 4690 tenementa
675 4645 736 4690 sua
749 4624 829 4692 adeo
849 4625 985 4712 integre,
1005 4625 1092 4692 siout
1114 4625 1156 4690 sd
1180 4647 1297 4692 manus
1319 4631 1456 4703 nostrus,
1521 4691 1528 4706 ,
