3502 6108
415 808 503 873 1194
597 820 795 872 auulsum
818 820 1020 874 rumimunt
1041 820 1283 873 DUNELMENSE.

262 1021 317 1068 ΑΔ).
327 1025 383 1068 1³1³·
411 1011 454 1076 ad
477 1012 559 1076 duos
581 1008 661 1074 anni
683 1009 848 1092 terminos,
864 1008 1026 1090 videlicet,
1043 1009 1254 1074 medictatem
1275 1009 1320 1074 ad
1342 1010 1461 1074 festum
1475 1027 1636 1081 aanpm

413 1113 630 1190 Pentecostes,
653 1116 687 1176 ct
717 1110 856 1176 alteram
885 1111 1095 1177 medietatem
1124 1111 1167 1177 ad
1197 1111 1318 1176 festum
1349 1111 1461 1176 Sancti

417 1215 559 1282 Martini
582 1217 618 1280 in
642 1214 769 1280 Hieme.
817 1214 862 1279 Et
895 1236 954 1300 pro
986 1215 1183 1302 supradictis
1199 1215 1463 1280 concmsicnibus

415 1319 566 1404 praedicti
597 1317 738 1382 Thomas
776 1321 811 1380 et
848 1317 955 1382 Alieia
991 1305 1226 1395 concesserunt,
1264 1339 1323 1404 pro
1360 1339 1395 1382 se
1429 1323 1462 1381 et

415 1419 601 1485 haeredibus
624 1419 692 1484 suis
714 1418 889 1504 praedictis,
912 1424 946 1483 et
969 1419 1070 1484 etiam
1091 1441 1149 1506 pro
1179 1419 1355 1506 assignatis
1384 1419 1461 1496 suis,

413 1521 502 1606 quod
533 1521 597 1607 ipsi
629 1519 671 1585 dc
697 1524 815 1586 caetero
846 1519 971 1584 molent
1005 1520 1104 1585 blada
1135 1541 1204 1601 sua,
1226 1521 1409 1606 crescentia·
1425 1521 1461 1584 in

411 1624 611 1688 tenementis
634 1622 871 1708 suprascriptis,
894 1622 938 1687 ad
960 1622 1186 1688 molendinum
1208 1623 1314 1710 ipsius
1337 1622 1460 1687 domini

411 1724 619 1810 episcopide
643 1723 773 1808 Crayk'‚
797 1730 831 1789 et
854 1745 1072 1790 successorum
1106 1747 1248 1804 suorum,
1271 1725 1315 1789 ad
1348 1721 1462 1790 vicesi-

410 1849 501 1892 mum
525 1847 592 1903 vas,
615 1825 650 1889 in
672 1830 877 1913 perpetuum.
925 1827 971 1892 Et
997 1826 1032 1890 in
1055 1827 1202 1892 omnium
1226 1827 1461 1914 suprascripto-

411 1950 487 1993 rum
510 1928 746 2005 teetimonium,
768 1928 856 2014 parti
877 1927 977 2014 hujus
1006 1929 1121 2016 scripti
1159 1950 1258 2017 penes
1288 1929 1461 2016 praedictos

411 2029 573 2095 Thomam
596 2034 630 2093 et
653 2029 804 2108 Aliciam,
827 2034 862 2095 et
885 2051 997 2096 eorum
1019 2030 1166 2098 haeredes
1195 2033 1408 2118 supradictos,
1425 2032 1460 2096 in

412 2133 517 2198 forma
540 2131 769 2218 suprascripta,
784 2133 976 2212 remanenti,
1000 2132 1146 2220 sigillum
1167 2139 1317 2198 nostrum
1339 2134 1460 2220 apponi

411 2233 569 2311 fecimus3
599 2237 633 2298 et
655 2233 751 2299 alteri
782 2235 869 2320 parti
900 2234 1047 2319 ejusdem
1078 2235 1200 2321 scripti,
1223 2257 1322 2321 penes
1344 2256 1404 2301 nos
1426 2241 1460 2300 et

410 2356 606 2401 successores
657 2340 785 2399 nostros
838 2337 1030 2415 remanenti,
1080 2337 1189 2424 sigilla
1229 2337 1460 2424 praedictorum

412 2437 546 2502 Thomae
579 2438 621 2502 de
656 2436 817 2502 Bonevill'
839 2443 874 2502 et
900 2438 1024 2519 Aliciae,
1049 2439 1162 2504 uxoris
1184 2439 1263 2525 ejus,
1287 2461 1347 2524 pro
1369 2461 1403 2504 se
1426 2443 1461 2504 et

410 2539 595 2604 haeredibus
608 2539 685 2602 suis
707 2539 946 2625 suprascriptis,
968 2545 1047 2605 sunt
1068 2561 1219 2627 appense
1266 2541 1343 2606 Hiia
1366 2537 1460 2606 testi*-

410 2642 480 2720 bus,
505 2639 655 2717 dominia,
678 2639 805 2704 Thema
827 2640 867 2706 de
895 2641 1060 2721 Colevillc,
1085 2643 1211 2708 Thema
1233 2643 1273 2708 de
1298 2643 1459 2730 Rypariia,

410 2741 581 2819 militibus,
605 2741 760 2832 magistro
784 2742 881 2807 Petro
904 2743 946 2809 de
969 2744 1126 2823 Keilawe,
1142 2745 1300 2832 magistro
1315 2746 1459 2811 Henrico

411 2845 453 2909 de
484 2843 626 2928 Luceby,
650 2842 776 2907 Thema
799 2845 839 2908 de
861 2845 1089 2930 Fyssheburn’,
1115 2847 1276 2912 Matthaeo
1306 2847 1457 2933 Dauney‚

410 2944 533 3010 badiivo
571 2945 612 3009 de
648 2944 828 3023 Alverton’,
871 2946 1015 3012 Roberto
1059 2949 1099 3013 de
1144 2948 1295 3034 Lynton’,
1334 2948 1460 3014 Thema

411 3045 606 3124 Lovekoek',
643 3046 767 3124 clerico,
806 3047 931 3114 Thema
976 3049 1105 3128 Warde,
1139 3057 1173 3115 ct
1218 3051 1331 3116 multis
1376 3051 1457 3117 aliis.

410 3149 535 3212 Datum
560 3147 649 3234 apud
671 3147 802 3231 Orayk',
834 3164 930 3214 xxx0.
966 3150 1019 3215 die
1053 3151 1214 3229 «Ianuarii,
1248 3173 1335 3217 anno
1366 3154 1457 3238 regni

409 3252 496 3337 regis
519 3251 683 3329 Edwardi,
707 3251 768 3315 filii
791 3255 876 3339 regis
895 3253 1061 3336 Edwardi,
1078 3259 1181 3332 sexto,
1197 3261 1230 3321 ct
1245 3277 1331 3321 anno
1346 3257 1456 3342 ponti-

410 3355 527 3420 ficatus
550 3353 656 3417 nostri
679 3354 827 3419 secundo

240 3564 384 3660 gggffln
411 3555 489 3607 0⁸⁸⁸
506 3557 667 3672 uenwneppc
747 3561 915 3638 Ricardus,
959 3561 1170 3647 permissione
1217 3562 1340 3639 divina,
1390 3562 1458 3646 epi·

241 3665 346 3758 {mm
410 3632 666 3754 pppdgnppperpumr
700 3685 816 3751 scopus
845 3663 1087 3744 Dunolmensis,
1118 3663 1270 3728 omnibus
1299 3663 1342 3727 ad
1375 3685 1457 3747 quos

240 3749 378 3868 fflssffif
410 3775 587 3855 praeaentes
602 3769 707 3834 literae
729 3765 948 3854 pervenerint,
963 3765 1111 3831 salutem.
1158 3765 1278 3830 Sciatis
1300 3787 1360 3830 nos
1382 3785 1457 3830 con-

240 3867 377 3969 fflir‘flffl
409 3871 550 3950 cessisse,
567 3875 602 3935 et
624 3870 685 3934 hac
704 3873 794 3936 carta
816 3872 930 3932 nostra
951 3868 1168 3946 confirmasse,
1183 3868 1303 3933 dilecto
1318 3873 1353 3932 et
1366 3866 1456 3932 fideii

407 3979 519 4038 nostro
553 3973 710 4058 magistro
748 3970 889 4036 Ricardo
926 3970 967 4034 de
999 3970 1133 4054 Eryum,
1164 3970 1281 4036 rectori
1315 3969 1457 4035 ecclesiae

407 4075 497 4140 beati
521 4074 674 4139 Nicholai
697 4075 732 4137 in
767 4073 941 4148 Dunclmo,
964 4073 1052 4155 quod
1081 4073 1161 4158 ipse,
1191 4074 1227 4136 in
1261 4079 1457 4158 perpetuum

407 4177 527 4242 habeat
549 4177 685 4240 liberam
712 4195 901 4240 warennam
930 4173 968 4237 in
991 4174 1143 4238 omnibus
1166 4174 1338 4240 dominicis
1360 4173 1457 4238 terris

410 4281 477 4344 suis
506 4280 547 4344 de
569 4277 684 4342 Veteri
707 4276 879 4352 Dunelmo,
911 4275 947 4339 in
977 4275 1135 4341 comitatu
1166 4276 1322 4341 Dunolmi
1334 4301 1342 4357 ;
1376 4277 1456 4340 dum

407 4387 519 4447 tamen
541 4386 637 4445 terrae
661 4380 726 4445 illae
748 4400 814 4444 non
845 4377 912 4442 sint
935 4377 1022 4442 infra
1043 4384 1147 4442 metas
1169 4378 1299 4444 forestae
1325 4384 1455 4444 nostrae.

411 4485 465 4549 Ita
480 4483 568 4568 quod
590 4482 701 4547 nullus
724 4482 827 4546 intret
850 4486 954 4546 terras
977 4479 1050 4544 illas
1073 4480 1115 4546 ad
1138 4479 1318 4567 fugandum
1341 4481 1377 4545 in
1401 4480 1457 4560 eis,

294 4671 296 4676 Ι
408 4586 462 4651 vel
483 4586 526 4650 ad
542 4585 668 4670 aliquid
686 4583 880 4670 capiendum
903 4583 991 4668 quod
1014 4582 1057 4647 ad
1072 4603 1261 4648 warennam
1283 4581 1456 4668 pertineat,

410 4687 481 4752 sine
503 4686 638 4752 licentia
660 4691 695 4751 et
710 4685 881 4751 voluntate
903 4685 1007 4771 ipsius
1029 4685 1178 4772 magistri
1203 4684 1344 4764 Ricardi,
1360 4707 1457 4771 super
