3564 5744
401 790 487 856 1096
578 799 778 852 naursrsun
800 797 1004 852 summurn
1026 799 1268 851 nmmnnnnsa

251 1001 373 1048 annus
403 988 541 1055 Antonii
565 989 601 1055 in
622 989 808 1076 Alnevvyk',
829 993 864 1055 et
885 995 1033 1076 receptor
1059 990 1268 1056 denariorum
1297 1009 1448 1066 suorum3
1462 989 1630 1044 mnam

404 1094 449 1157 Et
471 1091 658 1157 «Iohannem
686 1091 717 1156 16
739 1091 878 1156 Provost
908 1091 949 1156 (16
971 1093 1159 1168 Evenwod',
1182 1093 1224 1156 ad
1246 1089 1451 1157 reddendum

405 1195 551 1280 praefatis
573 1192 720 1258 ‚Iohanni
754 1193 795 1256 de
833 1191 957 1258 Faxole
990 1199 1025 1259 et
1054 1194 1189 1259 'I'homae
1211 1194 1252 1258 (16
1283 1193 1453 1279 Wylugby

406 1294 636 1361 rationabilem
674 1299 860 1380 aompotum
896 1315 991 1359 suum
1036 1296 1077 1360 (16
1110 1301 1258 1381 tempore
1289 1316 1355 1380 quo
1388 1294 1454 1358 fuit

405 1398 549 1462 ballivus
571 1396 721 1484 praedicti
744 1395 884 1461 Antonii
909 1395 946 1459 in
968 1396 1155 1475 Evanwod’,
1171 1401 1205 1461 et
1227 1402 1376 1482 receptor
1398 1395 1454 1460 da·

407 1499 574 1563 uariorum
609 1519 751 1564 suorum.
797 1499 843 1564 Et
880 1497 1068 1564 Johannem
1110 1497 1152 1563 da
1190 1498 1376 1582 Berewyeo,
1413 1496 1454 1561 ad

407 1599 611 1664 reddendum
636 1599 784 1685 praefatis
805 1600 953 1666 Johanni
978 1599 1018 1664 de
1045 1599 1168 1665 Foxole
1190 1605 1224 1665 et
1250 1597 1386 1663 Thomas
1414 1598 1455 1661 (16

408 1699 567 1787 Wilugby
589 1700 816 1765 rationabilem
840 1705 1028 1786 compotum
1050 1722 1146 1765 suum
1169 1701 1210 1765 de
1231 1703 1378 1785 tempora
1392 1719 1456 1783 quo

408 1801 475 1866 fuit
515 1807 662 1887 receptor
697 1801 907 1867 denariorum
940 1802 1090 1888 praedicti
1121 1802 1271 1867 Antonii.
1316 1801 1361 1865 Et
1398 1800 1456 1864 Ri-

410 1903 543 1967 oardum
560 1902 600 1966 de
616 1901 793 1979 Stanlawe‚
808 1903 850 1968 ad
866 1903 1069 1968 reddendum
1084 1902 1230 1989 praefatis
1253 1903 1276 1967 J
1278 1901 1400 1966 obanni
1416 1901 1456 1965 de

410 2001 536 2068 Foxole
555 2007 590 2068 61
611 2003 745 2071 Thomas
768 2004 809 2070 (16
830 2003 1002 2091 Wylugby
1018 2004 1247 2069 rationabilem
1270 2007 1456 2088 oompotum

411 2126 506 2168 suum
530 2105 571 2171 de
587 2109 732 2191 tempore
755 2127 820 2192 quo
843 2105 908 2170 fuit
922 2110 1070 2191 receptor
1084 2105 1291 2170 denariorum
1307 2091 1458 2190 prae'dieti

410 2205 559 2271 Antonii.
614 2207 659 2270 Et
690 2207 871 2272 Robertum
915 2207 947 2272 le
979 2206 1127 2283 Provost,
1171 2206 1213 2271 ad
1256 2205 1457 2271 reddendum

410 2307 559 2393 praefatis
591 2307 738 2374 Johanni
776 2309 817 2373 de
840 2307 964 2374 Foxole
996 2314 1032 2373 et
1053 2308 1188 2374 Thomas
1223 2308 1264 2372 (16
1290 2306 1459 2392 Wylugby

412 2408 641 2473 rationabilem
675 2414 862 2495 compotum
907 2429 1003 2475 suum
1039 2407 1080 2474 da
1112 2415 1258 2495 tempore
1295 2429 1361 2492 quo
1394 2407 1460 2472 fuit

413 2509 554 2574 ballivus
587 2510 735 2595 praedicti
769 2511 907 2576 Antonii
941 2511 978 2574 in
1010 2509 1213 2595 Rykenhale,
1249 2513 1284 2573 et
1313 2515 1462 2592 reoaptor

413 2611 624 2675 denariorum
639 2632 780 2677 suorum.
826 2612 872 2677 Et
895 2611 1076 2677 Robertum
1099 2611 1130 2674 le
1154 2609 1294 2677 Provost
1316 2609 1462 2674 (1611161-

414 2711 575 2798 singham‚
590 2711 634 2775 ad
648 2712 849 2778 reddendum
874 2711 1022 2799 praefatis
1044 2711 1193 2776 Johanni
1216 2711 1257 2776 (16
1279 2710 1403 2776 Foxola
1425 2715 1461 2776 61
1556 2704 1558 2708 ”

417 2812 553 2878 Thomae
579 2813 620 2876 de
642 2812 814 2900 Wylugby
835 2812 1066 2879 rationabilem
1088 2818 1277 2899 compotum
1300 2833 1397 2877 suum
1420 2812 1460 2877 (16

415 2917 562 2998 ternpore
577 2935 642 2998 quo
665 2913 732 2979 fuit
754 2915 897 2979 ballivus
919 2914 1070 3000 praedioti
1086 2913 1226 2979 Antonii
1249 2913 1286 2978 in
1299 2912 1462 2998 Wolsing-

416 3013 545 3090 hamat
560 3019 707 3100 receptor
722 3014 932 3080 denariorum
947 3035 1088 3082 suorum.
1112 3015 1156 3080 Et
1172 3014 1306 3080 Petrum
1319 3017 1360 3080 (16
1376 3017 1463 3080 Mid-

416 3114 498 3201 rigg’
521 3118 556 3179 61
578 3113 736 3180 Thomam
753 3115 860 3194 Hode,
874 3117 917 3182 ad
933 3116 1136 3182 reddendum
1152 3117 1300 3202 prmfatis
1315 3117 1338 3181 J
1340 3116 1462 3182 ohanni

417 3216 458 3280 de
470 3215 593 3282 Foxole
603 3220 637 3281 et
646 3216 782 3283 Thomae
797 3218 839 3282 (16
849 3218 1022 3304 Wylugby
1033 3217 1262 3283 rationabilem
1274 3223 1461 3305 compotum

371 3339 373 3342 ·
417 3338 514 3382 suum
536 3316 578 3381 (16
600 3321 745 3404 tempore
767 3340 833 3405 quo
855 3319 991 3384 fuerunt
1012 3319 1130 3384 ballivi
1152 3319 1302 3405 praediati
1324 3319 1463 3384 Antonii

416 3417 453 3482 in
484 3418 686 3506 Midderigg',
712 3425 747 3484 et
778 3425 959 3506 receptores
989 3421 1196 3486 denariorum
1232 3441 1374 3485 suorum.
1419 3421 1464 3486 Et

418 3519 606 3586 Jobannem
639 3521 671 3585 16
693 3519 842 3586 Provost’
865 3522 906 3586 (16
928 3521 1163 3608 Heghington',
1186 3521 1229 3586 ad
1259 3521 1462 3587 reddendum

419 3620 567 3707 praefatis
600 3620 748 3686 Johanni
780 3623 821 3688 de
853 3621 975 3688 Foxole
1007 3627 1042 3688 et
1069 3621 1203 3688 Thomas
1228 3623 1270 3687 de
1293 3623 1464 3710 Wylugby

418 3721 647 3787 rationabilem
679 3730 866 3808 compotum
900 3745 995 3789 suum
1036 3723 1077 3788 de
1118 3729 1264 3810 tempore
1302 3746 1367 3811 quo
1400 3726 1466 3790 fuit

418 3825 562 3890 ballivus
594 3826 744 3912 praedicti
765 3826 904 3892 Antonii
939 3827 975 3891 in
997 3827 1222 3914 Heghington’
1256 3833 1291 3896 et
1320 3835 1467 3916 reeeptor

420 3927 628 3992 denariorum
654 3947 795 3992 suorum.
842 3926 888 3992 Et
915 3928 1095 3994 Robertum
1118 3929 1159 3994 (16
1181 3929 1396 4016 Derlington'‚
1423 3931 1467 3996 ad

419 4028 625 4095 reddendum
647 4029 794 4115 praefatis
815 4027 963 4095 Johanni
998 4029 1039 4094 (16
1062 4029 1186 4095 Foxole
1209 4036 1244 4096 61
1269 4031 1404 4098 Thomas
1426 4033 1466 4098 de

419 4129 590 4216 Wylugby
606 4129 834 4195 rationabilem
850 4135 1037 4216 compotum
1060 4152 1157 4196 suum
1180 4131 1221 4196 (16
1241 4135 1387 4219 tempore
1402 4156 1467 4220 quo

419 4231 486 4297 fuit
501 4231 645 4296 ballivus
667 4229 817 4317 praediati
835 4231 973 4296 Antonii
989 4233 1026 4295 in
1041 4232 1241 4311 Beaumond,
1262 4239 1296 4299 et
1318 4241 1468 4321 receptor

421 4333 629 4399 denariorum
664 4353 806 4398 suorum.
853 4332 898 4396 Et
934 4332 1098 4422 Rogarum
1124 4334 1230 4398 filium
1254 4335 1392 4401 Henrioi
1426 4338 1468 4403 de

422 4433 600 4499 Aukeland
623 4438 658 4498 et
683 4434 852 4500 Simonem
874 4434 915 4500 de
942 4434 1068 4500 Eseom'
1089 4436 1132 4501 ad
1155 4437 1359 4502 reddendum
1382 4460 1466 4525 prae·

420 4533 498 4599 fatis
530 4534 554 4599 J
556 4535 679 4599 ohanni
706 4535 747 4599 (16
772 4535 895 4600 Foxole
929 4541 963 4600 et
990 4536 1124 4602 'llromaa
1155 4538 1197 4602 (16
1223 4537 1392 4626 Wylugby
1415 4563 1467 4605 ra·

421 4635 612 4700 tionabilem
645 4641 832 4722 compotum
867 4659 961 4702 suum
1001 4639 1042 4703 do
1075 4645 1222 4725 tempore
1247 4661 1312 4726 quo
1334 4642 1469 4710 fuerunt
