3566 5712
504 805 700 857 reersraou
722 803 925 858 Ριιιιιιιιιιι
947 806 1189 858 nvrnmaasa
1304 795 1368 858 845

153 1004 311 1066 aarum
324 995 475 1077 spectant
497 992 540 1056 ad
562 995 737 1078 patronum
758 993 799 1058 de
814 993 946 1074 vicaria,
971 995 1074 1080 magis
1096 1015 1195 1082 quam
1218 995 1260 1060 de
1274 993 1372 1061 eecle-
1400 1007 1522 1057 sarua
1592 1029 1599 1042 ·

145 1080 148 1088 ¹
324 1093 382 1174 sia,
404 1094 575 1180 providere
597 1115 663 1159 non
696 1095 815 1181 potuit,
840 1117 898 1181 per
928 1116 973 1173 se,
1002 1097 1126 1182 absque
1157 1102 1248 1163 certa
1274 1117 1371 1164 causa

323 1201 382 1262 etc.
429 1196 474 1260 Et
497 1217 539 1261 ex
559 1218 623 1282 quo
646 1196 733 1261 idem
752 1195 945 1276 Willelmus,
963 1197 1021 1282 qui
1037 1197 1187 1284 sequitur
1202 1203 1272 1277 etc,
1287 1220 1371 1286 pree·

323 1298 434 1364 tendit
455 1297 623 1364 verificare
646 1321 704 1384 pro
727 1299 861 1365 domino
882 1321 960 1386 rege
985 1300 1072 1385 quod
1101 1301 1278 1385 praedictus
1301 1289 1371 1365 hn-

321 1400 442 1476 tonius,
472 1400 638 1486 quondam
668 1400 837 1487 episeopus
870 1389 947 1479 etc,
989 1400 1132 1468 contulit
1177 1402 1388 1489 predictam,

322 1502 486 1580 vicariam,
509 1507 667 1588 tanquam
690 1502 871 1569 advocatus
894 1501 1054 1588 ejusdem,
1071 1503 1278 1589 quiquidem
1301 1503 1370 1590 epi-

323 1623 445 1690 scopus,
468 1603 505 1682 si,
528 1604 608 1669 dum
629 1604 768 1686 vixerat,
799 1603 1015 1670 acollatione
1040 1625 1101 1669 sua
1126 1604 1243 1671 fuisset
1267 1604 1370 1691 impe-

322 1705 419 1784 ditus,
432 1705 678 1792 competivisset
699 1707 730 1770 ei
752 1705 852 1771 breve
874 1704 1005 1772 ultimae
1027 1706 1294 1792 praesentationis
1317 1705 1371 1770 vel

323 1811 340 1840 “
362 1806 471 1887 Quare
492 1807 659 1894 impedit,''
680 1807 717 1871 in
732 1827 810 1874 casu
832 1829 900 1886 suo,
915 1829 1028 1873 versus
1042 1808 1286 1895 impedientem,
1309 1814 1370 1874 etc.

323 1907 547 1996 placitandum
580 1910 617 1973 in
646 1909 737 1976 curia
769 1909 886 1976 laicali.
948 1910 1058 1986 Unde,
1081 1932 1157 1978 cum
1190 1911 1369 1998 praedictus

322 2010 581 2098 archiepiscopus
611 2011 695 2077 nihil
716 2012 808 2079 aliud
837 2011 1014 2098 respondet
1036 2011 1073 2076 in
1093 2011 1155 2078 hac
1178 2016 1282 2098 perte,
1305 2012 1370 2077 nisi

322 2118 454 2179 tentum
477 2114 565 2199 quod
588 2113 671 2181 dicit
692 2115 780 2201 quod
801 2114 872 2201 ipse
895 2111 1037 2181 contuht
1067 2114 1260 2200 praedictam
1282 2114 1371 2179 vica-

322 2215 413 2297 riam,
429 2221 468 2282 ut
482 2222 592 2283 custos
606 2216 855 2304 spiritualitatis
870 2219 940 2294 ete,
954 2238 1023 2282 non
1044 2237 1102 2301 per
1117 2215 1178 2281 hoc
1193 2215 1369 2302 respondet

322 2318 446 2383 actioni
476 2317 601 2384 domini
635 2319 722 2406 regis
753 2341 811 2385 seu
833 2316 1050 2387 verificationi
1077 2338 1176 2404 quam
1203 2317 1292 2384 idem
1314 2319 1370 2384 do-

322 2419 432 2484 minus
454 2441 515 2485 rex
538 2419 725 2507 praetendit,
757 2419 844 2508 petit
861 2419 1024 2506 judicium
1047 2424 1105 2487 etc
1153 2419 1198 2484 Et
1231 2419 1369 2506 pradic-

322 2524 377 2586 tus
414 2521 695 2609 archiepiscopus*
718 2521 879 2608 quaesitus
910 2543 968 2606 per
995 2520 1199 2607 justiciarios
1232 2521 1260 2586 si
1288 2521 1368 2607 quid
1406 2559 1413 2575 ι

322 2622 414 2688 aliud
437 2623 520 2690 velit
549 2624 656 2690 dicere
687 2623 724 2688 in
751 2623 813 2689 hac
843 2628 947 2710 parte,
969 2621 1055 2687 nihil
1084 2623 1176 2688 eliud
1198 2623 1280 2690 dicit
1310 2645 1370 2689 seu

321 2725 504 2811 respondet,
529 2747 627 2813 quam
643 2726 735 2811 prius
757 2730 816 2792 etc
872 2725 918 2790 Et
940 2724 1037 2810 quod,
1052 2725 1236 2790 rationibus
1257 2746 1369 2812 supra-

322 2826 420 2893 dictis
442 2832 477 2892 et
499 2827 582 2906 aliis,
604 2827 739 2894 videtur
761 2826 860 2894 curiae
882 2827 970 2912 quod
999 2827 1178 2912 praedictus
1210 2826 1369 2913 archiepi-
1479 2861 1481 2866 ·

322 2951 438 3016 scopus
463 2929 548 2994 nihil
577 2930 753 3015 respondet
775 2928 818 2993 ad
840 2927 1080 2993 excludendum
1111 2949 1220 3015 regem
1242 2950 1263 2994 a
1285 2950 1369 3015 prae·

322 3029 507 3098 sentatione
529 3052 597 3112 sua,
613 3031 656 3096 ad
678 3031 786 3118 ipsum
808 3028 979 3095 dominum
994 3051 1105 3116 regem
1120 3030 1317 3118 pertinente,
1332 3030 1369 3094 in

321 3133 382 3199 hac
404 3137 508 3220 parte,
522 3155 583 3200 nec
597 3133 688 3199 aliud
710 3154 769 3220 pro
784 3154 818 3198 se
833 3131 962 3220 allegat,
979 3153 1080 3218 quare
1102 3153 1169 3197 non
1193 3132 1368 3218 impedivit

322 3235 431 3320 ipsum
447 3234 618 3300 dominum
634 3255 744 3322 regem
762 3256 820 3321 per
835 3234 1041 3301 collationem
1057 3254 1149 3300 suam
1165 3233 1368 3320 preedictam,

322 3358 421 3422 quam
452 3336 617 3423 cognovit,
643 3334 709 3402 nisi
731 3341 874 3418 tantum,
902 3335 992 3422 quod
1021 3335 1103 3401 dicit
1132 3335 1221 3421 quod
1246 3335 1370 3402 vicaria

322 3438 380 3504 illa
410 3443 461 3504 est
494 3437 666 3524 spirituale
698 3442 768 3516 etc,
791 3437 880 3523 quod
911 3458 980 3501 non
1002 3435 1144 3502 affirmat
1173 3457 1229 3501 seu
1250 3437 1369 3522 prohat

322 3545 403 3621 ete.;
435 3561 628 3606 consensum
651 3544 702 3605 est
725 3539 813 3625 quod
835 3538 987 3603 dominus
1013 3558 1073 3602 rex
1094 3542 1264 3623 recuperet
1285 3559 1369 3624 pree·

321 3642 543 3707 sentationem
566 3662 659 3707 suam
689 3641 732 3706 ad
754 3639 945 3727 praedictam
968 3639 1134 3716 vicariam,
1150 3660 1264 3706 versus
1285 3661 1369 3726 prae·

321 3744 447 3809 dictum
469 3741 747 3830 archiepiscopum
770 3747 837 3822 etc,
860 3762 927 3807 non
950 3741 1101 3808 obstante
1124 3741 1277 3808 libertate
1300 3744 1368 3830 epi-

321 3850 472 3930 scopatae
486 3844 635 3931 praedicti
651 3849 711 3911 etc.
756 3845 801 3910 Et
814 3844 1073 3931 archiepiscopus
1096 3843 1133 3909 in
1146 3844 1369 3911 misericordia

321 3951 381 4012 etc.
442 3946 488 4010 Et
518 3945 606 4012 idem
644 3946 795 4012 dominus
832 3968 892 4012 rex
925 3946 1047 4012 habeat
1081 3945 1181 4012 breve
1218 3946 1369 4034 episcopo

322 4047 546 4125 Dunolmensi,
577 4047 665 4133 quod
688 4069 756 4114 non
784 4047 940 4115 obstante
962 4047 1195 4114 reclamatione
1218 4047 1368 4134 praedicti

321 4147 564 4236 archiepiscopi,
588 4148 631 4214 ad
653 4149 941 4233 proesentationem
964 4147 1091 4214 domini
1112 4149 1198 4234 regis
1220 4148 1263 4213 ad
1285 4170 1368 4235 prm-

320 4253 445 4318 dictam
467 4249 625 4318 vicariam
646 4250 800 4318 idoneam
821 4271 994 4337 personam
1016 4250 1181 4328 admittet,
1203 4255 1262 4318 etc

663 4455 856 4534 Edwardus,
886 4455 949 4522 Dei
983 4457 1101 4544 gratia,
1135 4477 1194 4522 rex
1224 4455 1419 4564 Algfioe’m
1378 4469 1427 4515 rao
1413 4471 1510 4566 arenga

318 4571 357 4636 gis
402 4587 447 4636 pro
487 4570 584 4634 quinta
618 4560 770 4628 dominus
801 4557 1039 4641 Hiberniae
1004 4563 1039 4625 et
1057 4559 1141 4624 dux
1162 4557 1365 4644 Aquitaniae,
1377 4523 1519 4669 sollicitis

318 4641 363 4690 000
335 4638 457 4689 00000000
426 4638 534 4702 0000300
518 4639 575 4688 000
617 4661 846 4728 venerabili
836 4682 873 4726 m
911 4660 1045 4727 christo
1082 4659 1178 4747 patri,
1213 4659 1363 4743 Ricardo,
1355 4609 1506 4670 'mu

318 4504 584 4557 Brevedomini-re
