3502 6108
417 789 503 862 1178
594 804 793 856 nnsrsrnmr
816 800 1019 854 ememor
1042 799 1286 852 normes

263 1013 319 1058 nn.
327 1017 385 1062 1³12
414 995 543 1082 plenius
573 995 771 1074 continetur,
796 992 891 1059 vobis
921 991 1126 1067 mandemus,
1148 992 1312 1075 quatenus
1339 988 1463 1054 dictum
1478 997 1634 1052 annm

414 1099 606 1175 Robertum,
636 1095 690 1162 vel
720 1100 925 1162 ottomntum
954 1093 1065 1181 ipsius,
1096 1092 1133 1156 in
1172 1091 1327 1157 seisinem
1365 1091 1463 1158 diotre

413 1206 521 1286 terrae,
551 1199 613 1264 sub
643 1197 832 1264 testimonio
861 1195 1084 1282 praesentium,
1118 1193 1293 1259 inducetis
1338 1191 1462 1258 Velete.

414 1302 540 1368 Datum
570 1300 659 1387 opud
689 1298 902 1377 Middelham,
932 1294 1024 1382 xvj⁰.‘
1041 1296 1095 1362 die
1118 1294 1327 1371 Novembris,
1354 1295 1462 1380 ponti-

413 1404 531 1471 ficatus
557 1403 662 1468 nostri
686 1422 774 1468 enno
789 1399 938 1467 secundo.

246 1633 377 1680 omos
413 1630 490 1682 cm„
505 1645 628 1680 warenne
645 1631 697 1680 Re
775 1603 944 1681 Ricardus,
977 1603 1187 1690 permissione
1214 1603 1337 1680 divino,
1367 1603 1461 1667 Dun-

244 1685 400 1780 {2⁰⁸⁰er
413 1696 652 1749 benideclifford’.
729 1705 880 1771 eltnensis
912 1706 1089 1792 episcopus,
1124 1705 1277 1770 omnibus
1308 1705 1350 1770 sd
1380 1725 1461 1790 quos

243 1783 388 1838 ⁶⁰⁰¹'“⁰'¹¹·
413 1812 592 1892 praesentes
605 1805 711 1872 literie
727 1807 948 1893 pervenerint,
963 1807 1112 1873 salutem.
1158 1806 1279 1873 Sciatis
1302 1827 1362 1872 nos
1385 1827 1459 1871 con·

414 1909 554 1987 cessisse,
577 1914 611 1974 et
632 1909 695 1974 hec
709 1915 800 1975 carto
821 1916 935 1974 nostro
948 1909 1163 1987 confirmasse,
1179 1909 1299 1974 dilecto
1313 1912 1348 1972 et
1369 1907 1458 1974 fideli

412 2015 534 2089 nostro,
557 2011 689 2076 domino
724 2011 869 2077 Roberto
891 2012 933 2077 de
955 2011 1120 2096 Olyfford’,
1142 2009 1252 2090 militi,
1275 2011 1363 2096 quod
1386 2009 1456 2095 ipse

411 2117 447 2177 et
467 2113 613 2178 haercdes
635 2113 687 2176 sui
710 2112 747 2176 in
772 2118 967 2199 perpetuum
991 2112 1136 2178 habeant
1166 2111 1306 2177 liberam
1332 2131 1458 2176 waren·

411 2235 488 2279 nem
510 2215 547 2278 in
582 2214 734 2280 omnibus
766 2214 939 2281 dominicis
962 2215 1058 2280 terris
1081 2215 1149 2280 suis
1176 2214 1217 2279 de
1241 2213 1392 2289 Morton',
1421 2212 1457 2275 in

410 2316 570 2382 comitatu
593 2316 635 2381 de
657 2315 815 2394 Norbam,
838 2317 918 2381 dum
952 2322 1065 2382 tomen
1087 2322 1184 2382 terroe
1206 2315 1272 2380 11]ae
1294 2335 1361 2379 non
1391 2313 1458 2378 sint

409 2418 497 2484 infin
511 2424 615 2484 metes
630 2417 760 2483 forestae
774 2424 894 2484 nostroe
906 2443 914 2498 ;
937 2418 986 2482 ite
1001 2417 1090 2504 quod
1110 2417 1222 2481 nullus
1236 2417 1340 2481 intret
1353 2421 1457 2480 terras

409 2519 483 2585 illes
513 2521 556 2586 od
578 2519 761 2606 fugendum
794 2519 830 2584 in
864 2521 921 2598 eis,
942 2520 997 2585 vel
1029 2521 1072 2586 od
1104 2519 1231 2605 aliquid
1262 2517 1455 2604 capiendum

408 2621 497 2706 quod
519 2621 563 2686 sd
595 2642 802 2687 werrennnm
834 2621 1008 2708 pertineat,
1032 2622 1102 2686 sine
1126 2620 1261 2686 licentio
1283 2626 1319 2685 et
1340 2619 1455 2684 volon-

408 2728 478 2788 tste
500 2722 604 2808 ipsius
626 2722 775 2800 Roberti,
797 2723 851 2788 vel
873 2723 1042 2789 haeredum
1065 2744 1207 2802 suorum,
1238 2741 1337 2806 super
1358 2721 1452 2786 foris-

402 2825 565 2890 facturam
595 2831 743 2891 nostram
766 2826 876 2891 decem
899 2825 1066 2891 librorum.
1113 2824 1222 2905 Quare
1245 2823 1399 2889 volumus
1421 2827 1455 2887 et

402 2925 542 2990 firmiter
563 2927 780 3012 precipimus,
803 2948 863 3014 pro
889 2927 985 2992 nobis
1007 2932 1042 2992 et
1064 2925 1301 2992 successoribus
1323 2925 1454 3003 nostris,

402 3027 492 3112 quod
514 3028 692 3113 praediotus
714 3028 868 3094 dominus
892 3029 1068 3107 notemus,
1091 3034 1126 3094 et
1146 3028 1294 3094 haeredes
1316 3027 1368 3092 sui
1402 3027 1453 3090 in·

402 3135 596 3216 perpetuum
633 3129 779 3196 hobennt
814 3131 952 3196 liberem
985 3151 1192 3196 werrennom
1228 3130 1265 3193 in
1299 3129 1452 3194 omnibus

402 3230 574 3297 dominicis
597 3231 693 3296 terris
715 3233 783 3297 suis
812 3233 986 3319 praediotis,
1010 3233 1090 3297 dum
1122 3239 1234 3298 temen
1267 3235 1364 3296 tenae
1385 3230 1453 3296 illoe

401 3354 469 3397 non
491 3333 560 3397 sint
581 3332 671 3398 infre
692 3338 797 3398 metes
819 3333 950 3400 forestae
973 3339 1117 3400 nostroe:
1150 3335 1201 3399 its
1230 3333 1319 3418 quod
1341 3331 1452 3396 nulius

401 3435 505 3500 intret
527 3440 632 3500 tenes
654 3434 737 3514 illas,
761 3435 804 3501 ad
826 3435 1009 3522 fugendum
1035 3436 1073 3501 in
1095 3436 1151 3512 eis,
1174 3433 1230 3501 vel
1258 3435 1302 3500 ed
1324 3433 1451 3518 aliquid

401 3536 605 3622 capiendum,
622 3537 709 3622 quod
732 3537 776 3604 ed
798 3558 1005 3603 wenennsm
1029 3538 1201 3622 pertineat,
1224 3537 1297 3602 sine
1319 3535 1450 3602 licentia

351 3679 357 3692 ·
401 3647 436 3708 et
472 3643 645 3708 voluntate
693 3643 796 3730 ipsius
834 3643 960 3710 domini
998 3643 1146 3723 Roberti,
1189 3643 1244 3708 vel
1281 3642 1449 3708 haeredum

401 3765 543 3821 suorum,
573 3765 671 3829 super
699 3743 941 3811 forisfacturam
963 3751 1111 3811 nostram
1144 3746 1256 3811 decem
1279 3744 1450 3824 librorum,

400 3845 487 3912 sicut
527 3845 722 3931 praedictum
770 3851 828 3914 est.
890 3847 933 3912 In
983 3847 1076 3933 cujus
1121 3848 1169 3912 rei
1213 3846 1449 3923 testimonium,

401 3947 546 4035 sigillum
584 3953 735 4013 nostrum
777 3949 996 4035 presentibus
1027 3949 1184 4015 duximus
1206 3948 1447 4035 opponendum.

401 4050 481 4118 Hiis
503 4049 653 4127 testibus,
683 4051 834 4130 dominis,
857 4052 1011 4138 Philippo
1046 4051 1088 4117 de
1117 4053 1151 4116 la
1181 4051 1300 4138 Legho,
1324 4051 1449 4115 Thomo

401 4151 502 4236 Groy,
533 4151 678 4215 Roberto
710 4151 808 4238 Groy,
840 4151 1006 4218 Willelmo
1040 4153 1158 4239 Rydel,
1190 4152 1319 4239 Rogero
1354 4149 1448 4235 Hey·

399 4275 469 4330 ron,
502 4251 673 4329 militibus,
719 4251 865 4318 Woltero
908 4255 950 4319 de
990 4243 1196 4340 Gosewyk','
1221 4253 1367 4318 Roberto
1405 4252 1446 4316 de

401 4355 600 4442 Hsgrcston,
633 4354 779 4420 Roberto
811 4355 852 4420 de
898 4355 1084 4442 Sekepeth’,
1119 4362 1154 4422 et
1184 4355 1265 4421 aliis.
1322 4356 1448 4421 Datum

400 4455 490 4544 opud
524 4455 736 4534 Middelhem,
775 4456 884 4542 xviijo.
918 4457 972 4522 die
1006 4455 1214 4535 Novembris,
1237 4477 1323 4538 enno
1346 4458 1447 4521 Dom-

400 4559 449 4625 ini
486 4557 661 4624 millesimo
692 4555 768 4625 ccc⁰.
798 4559 1001 4642 duodecimo,
1030 4565 1064 4625 et
1098 4559 1311 4646 pontificatus
1344 4558 1446 4625 nostri

401 4659 549 4726 secundo.
