3570 5718
529 817 727 870 nno1srnun
751 817 958 870 namrnrou
980 817 1221 870 nounnnnusn
1336 805 1401 868 925

180 1012 338 1066 sampson
351 1001 531 1068 valentiam
547 1003 567 1068 l.
580 1024 613 1081 a,
635 1023 703 1068 non
724 1003 915 1068 invenimus
939 1007 1109 1090 emptores,
1134 1025 1194 1070 nee
1214 1001 1403 1067 invenimus
1432 1013 1488 1058 al).
1497 1013 1555 1056 ¹³1³·

351 1105 448 1191 plura
470 1105 558 1170 bona
580 1105 821 1190 sequestranda

396 1207 447 1272 De
469 1207 620 1292 portione
642 1228 715 1291 quae
730 1199 797 1270 fuit
812 1205 947 1272 Thomas
969 1205 1010 1271 de
1025 1207 1204 1272 Leuesham
1220 1206 1257 1271 in
1272 1205 1405 1272 eeclesia

352 1305 464 1386 Oest’,
478 1306 521 1372 ad
531 1305 618 1373 bona
629 1307 719 1392 prius
731 1311 946 1392 sequestrate,
955 1308 999 1372 ad
1010 1307 1190 1373 valentiam
1201 1308 1220 1373 l.
1233 1328 1267 1384 a,
1276 1329 1345 1372 non
1353 1307 1404 1370 in-

352 1409 503 1474 venimus
513 1413 684 1494 emptores,
693 1429 754 1473 neo
762 1408 951 1474 invenimus
961 1408 1056 1494 plura
1065 1410 1152 1474 bona
1160 1408 1403 1495 sequestranda.

397 1511 447 1574 De
470 1511 621 1596 portione
649 1531 725 1594 quae
757 1510 822 1575 fuit
854 1510 1018 1575 Johannis
1048 1510 1334 1598 do.Metynghum
1369 1509 1404 1572 in
1438 1503 1444 1516 '

351 1610 484 1678 eeclesia
507 1612 548 1677 de
572 1611 801 1698 Derlyngton’,
831 1611 874 1675 ad
896 1609 985 1676 bona
1014 1613 1105 1697 prius
1128 1615 1339 1697 sequestrata,
1362 1609 1405 1675 ad

350 1712 532 1778 valentiam
556 1712 600 1778 xl.
611 1733 645 1789 a,
660 1733 728 1776 non
744 1712 932 1777 invenimus
955 1718 1127 1799 emptores,
1148 1735 1215 1780 neo·
1231 1713 1297 1779 alia
1318 1712 1406 1778 bona

351 1815 540 1880 invenimus
562 1814 806 1899 sequestranda.

396 1913 447 1980 De
458 1916 614 2002 portione
626 1937 701 2000 quae
713 1915 779 1980 fuit
791 1915 967 2001 Reginaldi
984 1915 1024 1981 de
1041 1915 1204 1983 Brandon'
1220 1918 1255 1981 iu
1272 1917 1406 1982 ecelesia

353 2018 394 2082 de
409 2017 606 2103 Langoastr’‚
622 2015 910 2103 sequestravimus,
925 2022 1046 2101 praeter
1068 2019 1155 2083 bona
1172 2018 1254 2083 alias
1277 2039 1407 2102 seques·

352 2125 450 2197 trata,
466 2120 510 2184 ad
524 2118 705 2184 valentiam
720 2141 752 2183 x.
762 2139 795 2195 a,
810 2118 940 2201 adquae
951 2138 1018 2182 non
1034 2119 1220 2184 invenimus
1236 2125 1406 2205 emptores.

396 2221 448 2286 De
462 2242 601 2306 persona
623 2219 765 2285 eoelesiae
788 2219 829 2283 de
843 2217 983 2282 Bothule
1006 2241 1072 2284 non
1087 2219 1274 2285 invenimus
1297 2219 1407 2306 aliqua

353 2323 441 2387 bona
463 2322 704 2406 sequestranda.
980 2405 983 2412 Ι

398 2423 449 2488 De
487 2443 628 2509 persona
665 2421 809 2488 ecelesiae
849 2422 891 2486 de
933 2421 1094 2502 Quiobam
1124 2424 1407 2509 sequestravimus

354 2523 396 2588 ad
419 2524 601 2589 valentiam
616 2545 675 2588 as.

399 2625 450 2690 De
473 2645 612 2712 persona
633 2624 840 2690 eeclesiarum
863 2625 904 2689 de
927 2624 1095 2705 Chatton'‚
1121 2626 1405 2714 Ohevelyngbam,

354 2726 502 2804 Fenton’,
547 2724 792 2811 Shiplynbotel,
823 2725 978 2804 Alnham,
1002 2730 1037 2791 et
1070 2726 1219 2814 Lesbiry,
1242 2729 1323 2794 alias
1357 2752 1407 2794 re-

354 2829 499 2914 cepimus
537 2829 638 2894 breve
673 2832 830 2905 vestrum,
854 2827 942 2912 quod
976 2827 1078 2893 abbas
1110 2828 1151 2893 de
1173 2829 1325 2916 Alnewy,
1349 2831 1408 2916 qui

354 2937 404 2995 est
427 2951 567 3016 persona
592 2929 771 2994 earundem
786 2928 1003 3007 ecelesiarum,
1019 2929 1059 2994 de
1074 2931 1246 3016 arreragiis
1269 2932 1408 2996 subsidii

354 3032 544 3098 medietatis
566 3031 735 3117 praedietae
758 3029 882 3094 exactis
898 3029 939 3094 ab
963 3051 1009 3108 eo,
1034 3052 1093 3116 pro
1118 3033 1241 3098 eisdem
1257 3035 1407 3112 ecelesiis,

354 3132 455 3198 solvit
476 3133 533 3198 lix.
550 3131 587 3198 li.
603 3133 648 3219 vj.
664 3153 687 3198 s.
703 3130 773 3216 viij.
791 3130 833 3208 d„
850 3136 884 3196 et
906 3152 966 3217 pro
981 3133 1112 3198 residuo
1129 3136 1408 3219 sequestravimus

354 3235 397 3301 ad
419 3235 601 3300 valentiam
624 3256 648 3300 e.
665 3256 689 3299 s.

398 3336 450 3402 De
466 3336 591 3402 vinario
614 3335 655 3400 de
678 3334 827 3401 Chatton
858 3335 1137 3420 sequestravimus
1161 3339 1205 3402 ad
1227 3339 1407 3404 valentiam

355 3459 386 3504 x.
403 3437 448 3515 li„
471 3459 531 3502 neo
552 3436 649 3522 plura
670 3436 860 3501 invenimus
881 3436 944 3502 hae
966 3437 1038 3502 vioe
1061 3439 1305 3522 sequestranda.

399 3539 450 3605 Do
465 3538 615 3624 portione
632 3537 769 3602 Roberti
784 3537 825 3601 de
836 3536 1007 3620 Wyeomb'
1026 3538 1062 3601 in
1078 3539 1211 3604 ecelesia
1226 3540 1267 3604 de
1278 3540 1407 3604 Anoko-

354 3641 442 3706 land'
474 3661 542 3706 non
574 3638 781 3704 debebantur
803 3636 868 3701 nisi
904 3644 977 3703 ooto
999 3639 1101 3718 librae,
1125 3641 1211 3706 siout
1234 3647 1328 3727 patet
1350 3663 1408 3727 per

356 3743 421 3807 duo
444 3741 559 3807 brevia
580 3741 673 3826 prius
696 3739 792 3805 nobis
815 3739 923 3816 missu,
948 3761 1022 3825 quse
1046 3746 1120 3807 ooto
1143 3741 1237 3808 librae
1254 3744 1297 3808 ad
1312 3743 1407 3810 Scae·

356 3842 480 3907 carium
504 3847 584 3906 sunt
606 3841 730 3907 solutae.

400 3943 450 4008 De
488 3964 626 4029 persono
660 3942 803 4008 eoolesiae
841 3939 909 4056 de]
927 3943 1012 4007 nihil
1035 3945 1205 4010 invenitur
1232 3945 1408 4010 levandum

356 4043 555 4132 Ovyngham
615 4079 629 4092 -
718 4083 730 4094 -
822 4079 836 4092 -
903 4062 909 4140 Ι
952 4043 1007 4109 vel
1019 4047 1302 4129 sequestrandum,
1321 4046 1436 4130 quod·

399 4147 449 4212 Do
471 4147 595 4212 vicario
615 4145 656 4211 de
677 4145 883 4231 Hawtwysel
904 4145 924 4254 p
952 4167 1064 4210 eorum
1077 4147 1218 4212 ecclesiae
1231 4152 1310 4212 sunt
1325 4168 1410 4212 oom-

360 4291 365 4302 ·
400 4249 450 4314 De
472 4247 595 4313 vicario
618 4248 659 4312 de
683 4241 882 4333 Hylderton'
951 4248 1066 4325 bustae,
1090 4252 1125 4314 et
1146 4249 1310 4334 parochiae
1336 4251 1409 4316 des·

883 4262 908 4438 i
949 4353 1076 4415 truotae.
1178 4421 1183 4430 ,

400 4449 451 4514 De
498 4469 637 4536 persona
671 4448 815 4514 ecelesiae
838 4449 879 4516 de

356 4550 525 4638 Stanhop’.
613 4617 617 4628 ,
874 4460 1084 4806 }habemus
1137 4552 1252 4620 brevia
1295 4576 1409 4642 super·

399 4654 449 4717 Da
486 4671 625 4740 persona
669 4649 812 4718 aeclesiae
835 4651 876 4718 de
966 4651 1110 4719 sedendi.

355 4754 531 4842 Hoghton'.
