<?xml version="1.0" encoding="UTF-8"?>
<!DOCTYPE html PUBLIC "-//W3C//DTD XHTML 1.0 Transitional//EN"
    "http://www.w3.org/TR/xhtml1/DTD/xhtml1-transitional.dtd">
<html xmlns="http://www.w3.org/1999/xhtml" xml:lang="en" lang="en">
 <head>
  <title>
</title>
<meta http-equiv="Content-Type" content="text/html;charset=utf-8" />
  <meta name='ocr-system' content='tesseract 3.04.00' />
  <meta name='ocr-capabilities' content='ocr_page ocr_carea ocr_par ocr_line ocrx_word'/>
</head>
<body>
  <div class='ocr_page' id='page_1' title='image "./registrumpalati00kellgoog_0289.png"; bbox 0 0 3562 5714; ppageno 0'>
   <div class='ocr_carea' id='block_1_1' title="bbox 511 809 1485 888">
    <p class='ocr_par' dir='ltr' id='par_1_1' title="bbox 511 809 1485 888">
     <span class='ocr_line' id='line_1_1' title="bbox 511 809 1485 888; baseline -0.004 -11"><span class='ocrx_word' id='word_1_1' title='bbox 511 825 711 888; x_wconf 72' lang='lat' dir='ltr'><strong>naumann</strong></span> <span class='ocrx_word' id='word_1_2' title='bbox 734 823 938 874; x_wconf 79' lang='lat' dir='ltr'><strong>ramrrrmr</strong></span> <span class='ocrx_word' id='word_1_3' title='bbox 961 821 1202 876; x_wconf 79' lang='lat' dir='ltr'><strong>nunrmnrsn.</strong></span> <span class='ocrx_word' id='word_1_4' title='bbox 1317 809 1381 874; x_wconf 85' lang='lat'><strong>905</strong></span> <span class='ocrx_word' id='word_1_5' title='bbox 1479 833 1485 846; x_wconf 64' lang='lat'><strong><em>¹</em></strong></span> 
     </span>
    </p>
   </div>
   <div class='ocr_carea' id='block_1_2' title="bbox 166 1008 1536 1785">
    <p class='ocr_par' dir='ltr' id='par_1_2' title="bbox 166 1008 1536 1098">
     <span class='ocr_line' id='line_1_2' title="bbox 166 1008 1536 1098; baseline 0.002 -23"><span class='ocrx_word' id='word_1_6' title='bbox 166 1008 211 1058; x_wconf 58' lang='lat'><strong>¹⁸·</strong></span> <span class='ocrx_word' id='word_1_7' title='bbox 218 1011 295 1068; x_wconf 56' lang='lat'><strong>³1³1*</strong></span> <span class='ocrx_word' id='word_1_8' title='bbox 302 1014 324 1060; x_wconf 83' lang='lat'><strong>¹·</strong></span> <span class='ocrx_word' id='word_1_9' title='bbox 335 1027 441 1098; x_wconf 86' lang='lat' dir='ltr'><strong>nuper</strong></span> <span class='ocrx_word' id='word_1_10' title='bbox 462 1011 619 1089; x_wconf 86' lang='lat' dir='ltr'><strong>vacantis,</strong></span> <span class='ocrx_word' id='word_1_11' title='bbox 643 1016 677 1077; x_wconf 88' lang='lat' dir='ltr'><strong>et</strong></span> <span class='ocrx_word' id='word_1_12' title='bbox 702 1011 739 1076; x_wconf 93' lang='lat' dir='ltr'><strong>in</strong></span> <span class='ocrx_word' id='word_1_13' title='bbox 760 1031 861 1076; x_wconf 90' lang='lat' dir='ltr'><strong>manu</strong></span> <span class='ocrx_word' id='word_1_14' title='bbox 884 1016 998 1076; x_wconf 87' lang='lat' dir='ltr'><strong>nostra</strong></span> <span class='ocrx_word' id='word_1_15' title='bbox 1023 1010 1204 1088; x_wconf 84' lang='lat' dir='ltr'><strong>existentis,</strong></span> <span class='ocrx_word' id='word_1_16' title='bbox 1229 1010 1385 1076; x_wconf 89' lang='lat' dir='ltr'><strong>dilectum</strong></span> <span class='ocrx_word' id='word_1_17' title='bbox 1413 1032 1536 1078; x_wconf 65' lang='lat' dir='ltr'><strong>annua</strong></span> 
     </span>
    </p>

    <p class='ocr_par' dir='ltr' id='par_1_3' title="bbox 287 1111 1386 1785">
     <span class='ocr_line' id='line_1_3' title="bbox 287 1111 1385 1198; baseline -0.006 -15"><span class='ocrx_word' id='word_1_18' title='bbox 287 1179 289 1183; x_wconf 87' lang='lat'>.</span> <span class='ocrx_word' id='word_1_19' title='bbox 335 1111 488 1178; x_wconf 72' lang='lat' dir='ltr'><strong>cleriorum</strong></span> <span class='ocrx_word' id='word_1_20' title='bbox 502 1117 660 1190; x_wconf 84' lang='lat' dir='ltr'><strong>nostrum,</strong></span> <span class='ocrx_word' id='word_1_21' title='bbox 674 1111 868 1198; x_wconf 82' lang='lat' dir='ltr'><strong>magistrum</strong></span> <span class='ocrx_word' id='word_1_22' title='bbox 888 1112 912 1177; x_wconf 81' lang='lat' dir='ltr'>J</span> <span class='ocrx_word' id='word_1_23' title='bbox 914 1112 1075 1177; x_wconf 89' lang='lat' dir='ltr'><strong>ohannem</strong></span> <span class='ocrx_word' id='word_1_24' title='bbox 1098 1112 1139 1176; x_wconf 91' lang='lat' dir='ltr'><strong>de</strong></span> <span class='ocrx_word' id='word_1_25' title='bbox 1154 1111 1267 1198; x_wconf 86' lang='lat' dir='ltr'><strong>Percy,</strong></span> <span class='ocrx_word' id='word_1_26' title='bbox 1291 1111 1385 1176; x_wconf 88' lang='lat' dir='ltr'><strong>vobis</strong></span> 
     </span>
     <span class='ocr_line' id='line_1_4' title="bbox 336 1211 1384 1298; baseline -0.004 -20"><span class='ocrx_word' id='word_1_27' title='bbox 336 1217 591 1298; x_wconf 77' lang='lat' dir='ltr'><strong>praesentamus3</strong></span> <span class='ocrx_word' id='word_1_28' title='bbox 615 1213 742 1277; x_wconf 87' lang='lat' dir='ltr'><strong>intuitu</strong></span> <span class='ocrx_word' id='word_1_29' title='bbox 757 1213 913 1289; x_wconf 86' lang='lat' dir='ltr'><strong>caritatis,</strong></span> <span class='ocrx_word' id='word_1_30' title='bbox 928 1217 1081 1298; x_wconf 72' lang='lat' dir='ltr'>rogantes</span> <span class='ocrx_word' id='word_1_31' title='bbox 1096 1216 1259 1296; x_wconf 89' lang='lat' dir='ltr'><strong>quatenus</strong></span> <span class='ocrx_word' id='word_1_32' title='bbox 1277 1211 1384 1298; x_wconf 87' lang='lat' dir='ltr'><strong>ipsum</strong></span> 
     </span>
     <span class='ocr_line' id='line_1_5' title="bbox 336 1312 1386 1391; baseline -0.001 -13"><span class='ocrx_word' id='word_1_33' title='bbox 336 1312 523 1379; x_wconf 84' lang='lat' dir='ltr'><strong>Johannem</strong></span> <span class='ocrx_word' id='word_1_34' title='bbox 552 1314 595 1377; x_wconf 86' lang='lat' dir='ltr'><strong>ad</strong></span> <span class='ocrx_word' id='word_1_35' title='bbox 624 1312 780 1378; x_wconf 73' lang='lat' dir='ltr'><strong>vicariam</strong></span> <span class='ocrx_word' id='word_1_36' title='bbox 814 1312 904 1378; x_wconf 89' lang='lat' dir='ltr'><strong>illam</strong></span> <span class='ocrx_word' id='word_1_37' title='bbox 935 1313 1128 1391; x_wconf 77' lang='lat' dir='ltr'><strong>admittatis,</strong></span> <span class='ocrx_word' id='word_1_38' title='bbox 1161 1319 1195 1378; x_wconf 89' lang='lat' dir='ltr'><strong>et</strong></span> <span class='ocrx_word' id='word_1_39' title='bbox 1226 1312 1386 1384; x_wconf 82' lang='lat' dir='ltr'><strong>vicarium</strong></span> 
     </span>
     <span class='ocr_line' id='line_1_6' title="bbox 337 1413 1386 1501; baseline -0.001 -22"><span class='ocrx_word' id='word_1_40' title='bbox 337 1415 521 1481; x_wconf 71' lang='lat' dir='ltr'><strong>instituatis</strong></span> <span class='ocrx_word' id='word_1_41' title='bbox 549 1415 586 1480; x_wconf 90' lang='lat' dir='ltr'><strong>in</strong></span> <span class='ocrx_word' id='word_1_42' title='bbox 619 1415 741 1481; x_wconf 88' lang='lat' dir='ltr'><strong>eadem.</strong></span> <span class='ocrx_word' id='word_1_43' title='bbox 788 1413 830 1479; x_wconf 92' lang='lat' dir='ltr'><strong>In</strong></span> <span class='ocrx_word' id='word_1_44' title='bbox 864 1414 958 1501; x_wconf 86' lang='lat' dir='ltr'><strong>cujus</strong></span> <span class='ocrx_word' id='word_1_45' title='bbox 988 1415 1036 1480; x_wconf 89' lang='lat' dir='ltr'><strong>rei</strong></span> <span class='ocrx_word' id='word_1_46' title='bbox 1068 1413 1304 1491; x_wconf 83' lang='lat' dir='ltr'><strong>testimonium,</strong></span> <span class='ocrx_word' id='word_1_47' title='bbox 1325 1414 1386 1478; x_wconf 86' lang='lat' dir='ltr'><strong>has</strong></span> 
     </span>
     <span class='ocr_line' id='line_1_7' title="bbox 335 1515 1384 1602; baseline -0.002 -22"><span class='ocrx_word' id='word_1_48' title='bbox 335 1516 446 1582; x_wconf 83' lang='lat' dir='ltr'><strong>literas</strong></span> <span class='ocrx_word' id='word_1_49' title='bbox 483 1523 611 1582; x_wconf 85' lang='lat' dir='ltr'><strong>nostras</strong></span> <span class='ocrx_word' id='word_1_50' title='bbox 646 1515 718 1582; x_wconf 86' lang='lat' dir='ltr'><strong>fieri</strong></span> <span class='ocrx_word' id='word_1_51' title='bbox 745 1515 882 1581; x_wconf 89' lang='lat' dir='ltr'><strong>fecimus</strong></span> <span class='ocrx_word' id='word_1_52' title='bbox 911 1520 1070 1602; x_wconf 86' lang='lat' dir='ltr'><strong>patentes.</strong></span> <span class='ocrx_word' id='word_1_53' title='bbox 1117 1516 1214 1581; x_wconf 88' lang='lat' dir='ltr'><strong>Teste</strong></span> <span class='ocrx_word' id='word_1_54' title='bbox 1251 1516 1384 1602; x_wconf 90' lang='lat' dir='ltr'><strong>meipso,</strong></span> 
     </span>
     <span class='ocr_line' id='line_1_8' title="bbox 335 1615 1385 1720; baseline -0.003 -38"><span class='ocrx_word' id='word_1_55' title='bbox 335 1618 424 1720; x_wconf 80' lang='lat' dir='ltr'><strong>apud</strong></span> <span class='ocrx_word' id='word_1_56' title='bbox 448 1617 648 1696; x_wconf 87' lang='lat' dir='ltr'><strong>Windesore,</strong></span> <span class='ocrx_word' id='word_1_57' title='bbox 663 1615 763 1701; x_wconf 84' lang='lat' dir='ltr'><strong>xiiij0.</strong></span> <span class='ocrx_word' id='word_1_58' title='bbox 795 1616 849 1682; x_wconf 91' lang='lat' dir='ltr'><strong>die</strong></span> <span class='ocrx_word' id='word_1_59' title='bbox 871 1615 1033 1694; x_wconf 69' lang='lat' dir='ltr'><strong>ianuarii,</strong></span> <span class='ocrx_word' id='word_1_60' title='bbox 1056 1636 1142 1682; x_wconf 89' lang='lat' dir='ltr'><strong>anno</strong></span> <span class='ocrx_word' id='word_1_61' title='bbox 1165 1616 1257 1702; x_wconf 83' lang='lat' dir='ltr'><strong>regni</strong></span> <span class='ocrx_word' id='word_1_62' title='bbox 1280 1615 1385 1680; x_wconf 79' lang='lat' dir='ltr'><strong>nostri</strong></span> 
     </span>
     <span class='ocr_line' id='line_1_9' title="bbox 333 1725 435 1785; baseline -0.01 0"><span class='ocrx_word' id='word_1_63' title='bbox 333 1725 435 1785; x_wconf 80' lang='lat' dir='ltr'><strong>sexto.</strong></span> 
     </span>
    </p>
   </div>
   <div class='ocr_carea' id='block_1_3' title="bbox 611 1885 1515 1991">
    <p class='ocr_par' dir='ltr' id='par_1_4' title="bbox 611 1885 1515 1991">
     <span class='ocr_line' id='line_1_10' title="bbox 611 1885 1515 1991; baseline -0.01 -31"><span class='ocrx_word' id='word_1_64' title='bbox 611 1895 738 1962; x_wconf 86' lang='lat' dir='ltr'><strong>Placita</strong></span> <span class='ocrx_word' id='word_1_65' title='bbox 752 1896 841 1982; x_wconf 88' lang='lat' dir='ltr'><strong>apud</strong></span> <span class='ocrx_word' id='word_1_66' title='bbox 856 1895 1195 1973; x_wconf 79' lang='lat' dir='ltr'><strong>westmonasterium,</strong></span> <span class='ocrx_word' id='word_1_67' title='bbox 1211 1915 1319 1960; x_wconf 85' lang='lat' dir='ltr'><strong>eoram</strong></span> <span class='ocrx_word' id='word_1_68' title='bbox 1335 1892 1385 1959; x_wconf 91' lang='lat' dir='ltr'><strong>W.</strong></span> <span class='ocrx_word' id='word_1_69' title='bbox 1397 1885 1515 1991; x_wconf 53' lang='lat' dir='ltr'><strong>Pffltb·</strong></span> 
     </span>
    </p>
   </div>
   <div class='ocr_carea' id='block_1_4' title="bbox 333 1994 1554 4308">
    <p class='ocr_par' dir='ltr' id='par_1_5' title="bbox 333 1994 1554 2486">
     <span class='ocr_line' id='line_1_11' title="bbox 566 1994 1540 2090; baseline -0.003 -29"><span class='ocrx_word' id='word_1_70' title='bbox 566 1997 607 2062; x_wconf 89' lang='lat' dir='ltr'><strong>de</strong></span> <span class='ocrx_word' id='word_1_71' title='bbox 622 1996 787 2063; x_wconf 86' lang='lat' dir='ltr'><strong>Bereford&#39;</strong></span> <span class='ocrx_word' id='word_1_72' title='bbox 803 2002 838 2063; x_wconf 87' lang='lat' dir='ltr'><strong>et</strong></span> <span class='ocrx_word' id='word_1_73' title='bbox 852 1997 947 2062; x_wconf 88' lang='lat' dir='ltr'><strong>sociis</strong></span> <span class='ocrx_word' id='word_1_74' title='bbox 962 1996 1031 2061; x_wconf 89' lang='lat' dir='ltr'><strong>suis</strong></span> <span class='ocrx_word' id='word_1_75' title='bbox 1050 1995 1245 2080; x_wconf 73' lang='lat' dir='ltr'><strong>justiciariis</strong></span> <span class='ocrx_word' id='word_1_76' title='bbox 1260 1994 1386 2060; x_wconf 90' lang='lat' dir='ltr'><strong>domini</strong></span> <span class='ocrx_word' id='word_1_77' title='bbox 1397 1997 1540 2090; x_wconf 51' lang='lat' dir='ltr'><strong>&#39;iggiffi&#39;</strong></span> 
     </span>
     <span class='ocr_line' id='line_1_12' title="bbox 333 2077 1548 2199; baseline 0 -39"><span class='ocrx_word' id='word_1_78' title='bbox 333 2096 419 2182; x_wconf 88' lang='lat' dir='ltr'><strong>regis</strong></span> <span class='ocrx_word' id='word_1_79' title='bbox 443 2095 485 2161; x_wconf 93' lang='lat' dir='ltr'><strong>de</strong></span> <span class='ocrx_word' id='word_1_80' title='bbox 500 2096 619 2180; x_wconf 78' lang='lat' dir='ltr'><strong>Banco,</strong></span> <span class='ocrx_word' id='word_1_81' title='bbox 647 2099 736 2164; x_wconf 87' lang='lat' dir='ltr'><strong>adie</strong></span> <span class='ocrx_word' id='word_1_82' title='bbox 752 2097 867 2165; x_wconf 81' lang='lat' dir='ltr'><strong>Sancti</strong></span> <span class='ocrx_word' id='word_1_83' title='bbox 893 2098 1032 2162; x_wconf 86' lang='lat' dir='ltr'><strong>Martini</strong></span> <span class='ocrx_word' id='word_1_84' title='bbox 1054 2099 1091 2162; x_wconf 91' lang='lat' dir='ltr'><strong>in</strong></span> <span class='ocrx_word' id='word_1_85' title='bbox 1112 2120 1166 2162; x_wconf 87' lang='lat' dir='ltr'><strong>xv.</strong></span> <span class='ocrx_word' id='word_1_86' title='bbox 1192 2096 1269 2173; x_wconf 83' lang='lat' dir='ltr'><strong>dica,</strong></span> <span class='ocrx_word' id='word_1_87' title='bbox 1300 2116 1386 2161; x_wconf 90' lang='lat' dir='ltr'><strong>anno</strong></span> <span class='ocrx_word' id='word_1_88' title='bbox 1399 2077 1548 2199; x_wconf 54' lang='lat' dir='ltr'><strong>{ggffliss</strong></span> 
     </span>
     <span class='ocr_line' id='line_1_13' title="bbox 333 2195 1554 2290; baseline 0.001 -30"><span class='ocrx_word' id='word_1_89' title='bbox 333 2197 427 2282; x_wconf 86' lang='lat' dir='ltr'><strong>regni</strong></span> <span class='ocrx_word' id='word_1_90' title='bbox 443 2198 529 2283; x_wconf 86' lang='lat' dir='ltr'><strong>regis</strong></span> <span class='ocrx_word' id='word_1_91' title='bbox 545 2198 712 2278; x_wconf 86' lang='lat' dir='ltr'><strong>Edwardi‚</strong></span> <span class='ocrx_word' id='word_1_92' title='bbox 726 2199 788 2262; x_wconf 89' lang='lat' dir='ltr'><strong>filii</strong></span> <span class='ocrx_word' id='word_1_93' title='bbox 810 2198 896 2285; x_wconf 86' lang='lat' dir='ltr'><strong>regis</strong></span> <span class='ocrx_word' id='word_1_94' title='bbox 919 2198 1085 2275; x_wconf 86' lang='lat' dir='ltr'><strong>Edwardi,</strong></span> <span class='ocrx_word' id='word_1_95' title='bbox 1099 2201 1201 2262; x_wconf 84' lang='lat' dir='ltr'><strong>sextu.</strong></span> <span class='ocrx_word' id='word_1_96' title='bbox 1247 2197 1387 2261; x_wconf 85' lang='lat' dir='ltr'><strong>Rutulus</strong></span> <span class='ocrx_word' id='word_1_97' title='bbox 1398 2195 1554 2290; x_wconf 56' lang='lat' dir='ltr'><strong>{fffflg</strong></span> 
     </span>
     <span class='ocr_line' id='line_1_14' title="bbox 334 2296 1524 2388; baseline 0.003 -4"><span class='ocrx_word' id='word_1_98' title='bbox 334 2296 601 2384; x_wconf 61' lang='lat' dir='ltr'><strong>camap-</strong></span> <span class='ocrx_word' id='word_1_99' title='bbox 1399 2298 1524 2388; x_wconf 57' lang='lat' dir='ltr'><strong>larun</strong></span> 
     </span>
     <span class='ocr_line' id='line_1_15' title="bbox 380 2393 1510 2486; baseline -0.001 -23"><span class='ocrx_word' id='word_1_100' title='bbox 380 2396 565 2465; x_wconf 89' lang='lat' dir='ltr'><strong>Willelmus</strong></span> <span class='ocrx_word' id='word_1_101' title='bbox 602 2401 644 2466; x_wconf 92' lang='lat' dir='ltr'><strong>de</strong></span> <span class='ocrx_word' id='word_1_102' title='bbox 681 2400 856 2486; x_wconf 81' lang='lat' dir='ltr'><strong>Langeley,</strong></span> <span class='ocrx_word' id='word_1_103' title='bbox 879 2401 937 2486; x_wconf 91' lang='lat' dir='ltr'><strong>qui</strong></span> <span class='ocrx_word' id='word_1_104' title='bbox 975 2399 1125 2486; x_wconf 84' lang='lat' dir='ltr'><strong>sequitur</strong></span> <span class='ocrx_word' id='word_1_105' title='bbox 1162 2420 1221 2486; x_wconf 90' lang='lat' dir='ltr'><strong>pro</strong></span> <span class='ocrx_word' id='word_1_106' title='bbox 1253 2393 1510 2464; x_wconf 60' lang='lat' dir='ltr'><strong>commouere</strong></span> 
     </span>
    </p>

    <p class='ocr_par' dir='ltr' id='par_1_6' title="bbox 334 2500 1386 2588">
     <span class='ocr_line' id='line_1_16' title="bbox 334 2500 1386 2588; baseline 0.001 -25"><span class='ocrx_word' id='word_1_107' title='bbox 334 2520 418 2586; x_wconf 84' lang='lat' dir='ltr'><strong>rege,</strong></span> <span class='ocrx_word' id='word_1_108' title='bbox 442 2500 564 2565; x_wconf 87' lang='lat' dir='ltr'><strong>obtulit</strong></span> <span class='ocrx_word' id='word_1_109' title='bbox 597 2522 631 2566; x_wconf 87' lang='lat' dir='ltr'><strong>se</strong></span> <span class='ocrx_word' id='word_1_110' title='bbox 653 2501 713 2587; x_wconf 88' lang='lat' dir='ltr'><strong>iiij.</strong></span> <span class='ocrx_word' id='word_1_111' title='bbox 740 2501 794 2566; x_wconf 85' lang='lat' dir='ltr'><strong>die</strong></span> <span class='ocrx_word' id='word_1_112' title='bbox 816 2523 930 2566; x_wconf 86' lang='lat' dir='ltr'><strong>versus</strong></span> <span class='ocrx_word' id='word_1_113' title='bbox 967 2503 1161 2588; x_wconf 82' lang='lat' dir='ltr'><strong>magistrum</strong></span> <span class='ocrx_word' id='word_1_114' title='bbox 1185 2500 1386 2566; x_wconf 90' lang='lat' dir='ltr'><strong>Willelmum</strong></span> 
     </span>
    </p>

    <p class='ocr_par' dir='ltr' id='par_1_7' title="bbox 334 2601 1386 2792">
     <span class='ocr_line' id='line_1_17' title="bbox 336 2601 1386 2691; baseline 0.002 -26"><span class='ocrx_word' id='word_1_115' title='bbox 336 2601 377 2666; x_wconf 89' lang='lat' dir='ltr'><strong>de</strong></span> <span class='ocrx_word' id='word_1_116' title='bbox 409 2601 601 2688; x_wconf 82' lang='lat' dir='ltr'><strong>Wyrkesal‚</strong></span> <span class='ocrx_word' id='word_1_117' title='bbox 625 2604 666 2668; x_wconf 89' lang='lat' dir='ltr'><strong>de</strong></span> <span class='ocrx_word' id='word_1_118' title='bbox 688 2604 808 2690; x_wconf 86' lang='lat' dir='ltr'><strong>placito</strong></span> <span class='ocrx_word' id='word_1_119' title='bbox 839 2604 928 2689; x_wconf 91' lang='lat' dir='ltr'><strong>quod</strong></span> <span class='ocrx_word' id='word_1_120' title='bbox 950 2605 1123 2690; x_wconf 89' lang='lat' dir='ltr'><strong>permittat</strong></span> <span class='ocrx_word' id='word_1_121' title='bbox 1144 2604 1254 2691; x_wconf 88' lang='lat' dir='ltr'><strong>ipsum</strong></span> <span class='ocrx_word' id='word_1_122' title='bbox 1276 2625 1386 2690; x_wconf 85' lang='lat' dir='ltr'><strong>regem</strong></span> 
     </span>
     <span class='ocr_line' id='line_1_18' title="bbox 334 2704 1386 2792; baseline 0.002 -24"><span class='ocrx_word' id='word_1_123' title='bbox 334 2707 531 2788; x_wconf 87' lang='lat' dir='ltr'><strong>praesentare</strong></span> <span class='ocrx_word' id='word_1_124' title='bbox 565 2704 716 2770; x_wconf 82' lang='lat' dir='ltr'><strong>idoneam</strong></span> <span class='ocrx_word' id='word_1_125' title='bbox 747 2726 918 2792; x_wconf 78' lang='lat' dir='ltr'><strong>personam</strong></span> <span class='ocrx_word' id='word_1_126' title='bbox 950 2705 993 2770; x_wconf 89' lang='lat' dir='ltr'><strong>ad</strong></span> <span class='ocrx_word' id='word_1_127' title='bbox 1023 2705 1180 2771; x_wconf 84' lang='lat' dir='ltr'><strong>vicariam</strong></span> <span class='ocrx_word' id='word_1_128' title='bbox 1203 2705 1244 2770; x_wconf 92' lang='lat' dir='ltr'><strong>de</strong></span> <span class='ocrx_word' id='word_1_129' title='bbox 1267 2705 1386 2770; x_wconf 85' lang='lat' dir='ltr'><strong>Herte·</strong></span> 
     </span>
    </p>

    <p class='ocr_par' dir='ltr' id='par_1_8' title="bbox 334 2804 1388 2994">
     <span class='ocr_line' id='line_1_19' title="bbox 334 2804 1388 2892; baseline 0.001 -24"><span class='ocrx_word' id='word_1_130' title='bbox 334 2804 438 2884; x_wconf 89' lang='lat' dir='ltr'><strong>burn&#39;,</strong></span> <span class='ocrx_word' id='word_1_131' title='bbox 477 2827 551 2890; x_wconf 87' lang='lat' dir='ltr'><strong>quae</strong></span> <span class='ocrx_word' id='word_1_132' title='bbox 582 2811 687 2883; x_wconf 90' lang='lat' dir='ltr'><strong>vacat,</strong></span> <span class='ocrx_word' id='word_1_133' title='bbox 720 2811 754 2870; x_wconf 89' lang='lat' dir='ltr'><strong>et</strong></span> <span class='ocrx_word' id='word_1_134' title='bbox 785 2806 828 2870; x_wconf 87' lang='lat' dir='ltr'><strong>ad</strong></span> <span class='ocrx_word' id='word_1_135' title='bbox 862 2806 967 2891; x_wconf 88' lang='lat' dir='ltr'><strong>ipsius</strong></span> <span class='ocrx_word' id='word_1_136' title='bbox 1005 2807 1091 2892; x_wconf 84' lang='lat' dir='ltr'><strong>regis</strong></span> <span class='ocrx_word' id='word_1_137' title='bbox 1120 2810 1247 2892; x_wconf 87' lang='lat' dir='ltr'><strong>spectat</strong></span> <span class='ocrx_word' id='word_1_138' title='bbox 1287 2805 1388 2870; x_wconf 92' lang='lat' dir='ltr'><strong>dona·</strong></span> 
     </span>
     <span class='ocr_line' id='line_1_20' title="bbox 334 2906 1385 2994; baseline 0.002 -24"><span class='ocrx_word' id='word_1_139' title='bbox 334 2907 466 2984; x_wconf 91' lang='lat' dir='ltr'><strong>tionem,</strong></span> <span class='ocrx_word' id='word_1_140' title='bbox 481 2907 608 2972; x_wconf 90' lang='lat' dir='ltr'><strong>ratione</strong></span> <span class='ocrx_word' id='word_1_141' title='bbox 631 2907 836 2994; x_wconf 81' lang='lat' dir='ltr'><strong>episcopatus</strong></span> <span class='ocrx_word' id='word_1_142' title='bbox 851 2906 1083 2973; x_wconf 87' lang='lat' dir='ltr'><strong>Dunolmensis</strong></span> <span class='ocrx_word' id='word_1_143' title='bbox 1101 2928 1206 2994; x_wconf 83' lang='lat' dir='ltr'><strong>nuper</strong></span> <span class='ocrx_word' id='word_1_144' title='bbox 1229 2908 1385 2986; x_wconf 88' lang='lat' dir='ltr'><strong>vacantis,</strong></span> 
     </span>
    </p>

    <p class='ocr_par' dir='ltr' id='par_1_9' title="bbox 334 3007 1386 3096">
     <span class='ocr_line' id='line_1_21' title="bbox 334 3007 1386 3096; baseline 0 -24"><span class='ocrx_word' id='word_1_145' title='bbox 334 3011 369 3072; x_wconf 90' lang='lat' dir='ltr'><strong>et</strong></span> <span class='ocrx_word' id='word_1_146' title='bbox 394 3007 460 3095; x_wconf 91' lang='lat' dir='ltr'><strong>[in]</strong></span> <span class='ocrx_word' id='word_1_147' title='bbox 477 3029 578 3073; x_wconf 87' lang='lat' dir='ltr'><strong>manu</strong></span> <span class='ocrx_word' id='word_1_148' title='bbox 600 3008 704 3095; x_wconf 89' lang='lat' dir='ltr'><strong>ipsius</strong></span> <span class='ocrx_word' id='word_1_149' title='bbox 725 3007 811 3096; x_wconf 86' lang='lat' dir='ltr'><strong>regis</strong></span> <span class='ocrx_word' id='word_1_150' title='bbox 834 3008 1007 3073; x_wconf 86' lang='lat' dir='ltr'><strong>existentis</strong></span> <span class='ocrx_word' id='word_1_151' title='bbox 1041 3014 1100 3074; x_wconf 83' lang='lat' dir='ltr'><strong>etc.</strong></span> <span class='ocrx_word' id='word_1_152' title='bbox 1161 3008 1207 3072; x_wconf 83' lang='lat' dir='ltr'><strong>Et</strong></span> <span class='ocrx_word' id='word_1_153' title='bbox 1228 3008 1297 3095; x_wconf 88' lang='lat' dir='ltr'><strong>ipse</strong></span> <span class='ocrx_word' id='word_1_154' title='bbox 1319 3029 1386 3072; x_wconf 92' lang='lat' dir='ltr'><strong>non</strong></span> 
     </span>
    </p>

    <p class='ocr_par' dir='ltr' id='par_1_10' title="bbox 333 3108 1387 3196">
     <span class='ocr_line' id='line_1_22' title="bbox 333 3108 1387 3196; baseline -0.002 -22"><span class='ocrx_word' id='word_1_155' title='bbox 333 3109 434 3174; x_wconf 90' lang='lat' dir='ltr'><strong>venit.</strong></span> <span class='ocrx_word' id='word_1_156' title='bbox 496 3108 541 3173; x_wconf 89' lang='lat' dir='ltr'><strong>Et</strong></span> <span class='ocrx_word' id='word_1_157' title='bbox 570 3114 771 3196; x_wconf 84' lang='lat' dir='ltr'><strong>praeceptum</strong></span> <span class='ocrx_word' id='word_1_158' title='bbox 801 3108 867 3174; x_wconf 86' lang='lat' dir='ltr'><strong>fuit</strong></span> <span class='ocrx_word' id='word_1_159' title='bbox 903 3109 1097 3187; x_wconf 84' lang='lat' dir='ltr'><strong>vicecomiti,</strong></span> <span class='ocrx_word' id='word_1_160' title='bbox 1133 3110 1221 3194; x_wconf 91' lang='lat' dir='ltr'><strong>qnod</strong></span> <span class='ocrx_word' id='word_1_161' title='bbox 1251 3109 1387 3174; x_wconf 87' lang='lat' dir='ltr'><strong>distrin-</strong></span> 
     </span>
    </p>

    <p class='ocr_par' dir='ltr' id='par_1_11' title="bbox 333 3210 1386 3298">
     <span class='ocr_line' id='line_1_23' title="bbox 333 3210 1386 3298; baseline 0 -24"><span class='ocrx_word' id='word_1_162' title='bbox 333 3215 426 3298; x_wconf 85' lang='lat' dir='ltr'><strong>geret</strong></span> <span class='ocrx_word' id='word_1_163' title='bbox 467 3231 540 3275; x_wconf 89' lang='lat' dir='ltr'><strong>eum</strong></span> <span class='ocrx_word' id='word_1_164' title='bbox 575 3231 633 3296; x_wconf 87' lang='lat' dir='ltr'><strong>per</strong></span> <span class='ocrx_word' id='word_1_165' title='bbox 664 3232 775 3276; x_wconf 85' lang='lat' dir='ltr'><strong>omnes</strong></span> <span class='ocrx_word' id='word_1_166' title='bbox 807 3215 911 3276; x_wconf 83' lang='lat' dir='ltr'><strong>terras</strong></span> <span class='ocrx_word' id='word_1_167' title='bbox 945 3216 1004 3277; x_wconf 88' lang='lat' dir='ltr'><strong>etc.</strong></span> <span class='ocrx_word' id='word_1_168' title='bbox 1016 3234 1025 3292; x_wconf 90' lang='lat'>;</span> <span class='ocrx_word' id='word_1_169' title='bbox 1060 3215 1094 3274; x_wconf 92' lang='lat' dir='ltr'><strong>et</strong></span> <span class='ocrx_word' id='word_1_170' title='bbox 1125 3210 1214 3296; x_wconf 91' lang='lat' dir='ltr'><strong>quod</strong></span> <span class='ocrx_word' id='word_1_171' title='bbox 1246 3211 1287 3275; x_wconf 92' lang='lat' dir='ltr'><strong>de</strong></span> <span class='ocrx_word' id='word_1_172' title='bbox 1317 3211 1386 3274; x_wconf 80' lang='lat' dir='ltr'><strong>exi·</strong></span> 
     </span>
    </p>

    <p class='ocr_par' dir='ltr' id='par_1_12' title="bbox 334 3310 1387 3398">
     <span class='ocr_line' id='line_1_24' title="bbox 334 3310 1387 3398; baseline 0.001 -22"><span class='ocrx_word' id='word_1_173' title='bbox 334 3311 424 3376; x_wconf 88' lang='lat' dir='ltr'><strong>tibus</strong></span> <span class='ocrx_word' id='word_1_174' title='bbox 447 3316 528 3390; x_wconf 90' lang='lat' dir='ltr'><strong>etc.;</strong></span> <span class='ocrx_word' id='word_1_175' title='bbox 560 3319 594 3376; x_wconf 89' lang='lat' dir='ltr'><strong>et</strong></span> <span class='ocrx_word' id='word_1_176' title='bbox 615 3313 704 3398; x_wconf 92' lang='lat' dir='ltr'><strong>quod</strong></span> <span class='ocrx_word' id='word_1_177' title='bbox 725 3313 862 3378; x_wconf 89' lang='lat' dir='ltr'><strong>haberet</strong></span> <span class='ocrx_word' id='word_1_178' title='bbox 892 3333 1008 3398; x_wconf 84' lang='lat' dir='ltr'><strong>corpus</strong></span> <span class='ocrx_word' id='word_1_179' title='bbox 1038 3310 1109 3395; x_wconf 89' lang='lat' dir='ltr'><strong>ejus</strong></span> <span class='ocrx_word' id='word_1_180' title='bbox 1139 3310 1194 3376; x_wconf 90' lang='lat' dir='ltr'><strong>hic</strong></span> <span class='ocrx_word' id='word_1_181' title='bbox 1224 3311 1266 3377; x_wconf 89' lang='lat' dir='ltr'><strong>ad</strong></span> <span class='ocrx_word' id='word_1_182' title='bbox 1288 3311 1387 3394; x_wconf 54' lang='lat' dir='ltr'><strong>{hunc</strong></span> 
     </span>
    </p>

    <p class='ocr_par' dir='ltr' id='par_1_13' title="bbox 333 3411 1388 3701">
     <span class='ocr_line' id='line_1_25' title="bbox 334 3411 1387 3499; baseline -0.002 -21"><span class='ocrx_word' id='word_1_183' title='bbox 334 3411 423 3478; x_wconf 88' lang='lat' dir='ltr'><strong>diem</strong></span> <span class='ocrx_word' id='word_1_184' title='bbox 445 3417 504 3477; x_wconf 89' lang='lat' dir='ltr'><strong>etc.</strong></span> <span class='ocrx_word' id='word_1_185' title='bbox 549 3413 594 3477; x_wconf 90' lang='lat' dir='ltr'><strong>Et</strong></span> <span class='ocrx_word' id='word_1_186' title='bbox 615 3413 793 3479; x_wconf 89' lang='lat' dir='ltr'><strong>vicecomes</strong></span> <span class='ocrx_word' id='word_1_187' title='bbox 816 3413 912 3478; x_wconf 90' lang='lat' dir='ltr'><strong>modo</strong></span> <span class='ocrx_word' id='word_1_188' title='bbox 935 3413 1080 3489; x_wconf 87' lang='lat' dir='ltr'><strong>mandat,</strong></span> <span class='ocrx_word' id='word_1_189' title='bbox 1102 3412 1191 3497; x_wconf 91' lang='lat' dir='ltr'><strong>quod</strong></span> <span class='ocrx_word' id='word_1_190' title='bbox 1210 3413 1387 3499; x_wconf 82' lang='lat' dir='ltr'><strong>praedictus</strong></span> 
     </span>
     <span class='ocr_line' id='line_1_26' title="bbox 334 3513 1388 3599; baseline -0.002 -21"><span class='ocrx_word' id='word_1_191' title='bbox 334 3514 489 3598; x_wconf 84' lang='lat' dir='ltr'><strong>magister</strong></span> <span class='ocrx_word' id='word_1_192' title='bbox 521 3513 706 3579; x_wconf 86' lang='lat' dir='ltr'><strong>Willelmus</strong></span> <span class='ocrx_word' id='word_1_193' title='bbox 739 3513 909 3579; x_wconf 86' lang='lat' dir='ltr'><strong>districtus</strong></span> <span class='ocrx_word' id='word_1_194' title='bbox 941 3519 991 3578; x_wconf 88' lang='lat' dir='ltr'><strong>est</strong></span> <span class='ocrx_word' id='word_1_195' title='bbox 1016 3533 1075 3599; x_wconf 91' lang='lat' dir='ltr'><strong>per</strong></span> <span class='ocrx_word' id='word_1_196' title='bbox 1108 3513 1227 3578; x_wconf 87' lang='lat' dir='ltr'><strong>catalla</strong></span> <span class='ocrx_word' id='word_1_197' title='bbox 1258 3513 1300 3578; x_wconf 89' lang='lat' dir='ltr'><strong>ad</strong></span> <span class='ocrx_word' id='word_1_198' title='bbox 1331 3535 1388 3577; x_wconf 87' lang='lat' dir='ltr'><strong>va-</strong></span> 
     </span>
     <span class='ocr_line' id='line_1_27' title="bbox 333 3613 1388 3701; baseline -0.001 -21"><span class='ocrx_word' id='word_1_199' title='bbox 333 3615 471 3682; x_wconf 88' lang='lat' dir='ltr'><strong>lentiam</strong></span> <span class='ocrx_word' id='word_1_200' title='bbox 513 3637 544 3680; x_wconf 88' lang='lat' dir='ltr'><strong>x.</strong></span> <span class='ocrx_word' id='word_1_201' title='bbox 555 3635 579 3681; x_wconf 85' lang='lat' dir='ltr'><strong>a.</strong></span> <span class='ocrx_word' id='word_1_202' title='bbox 625 3613 672 3678; x_wconf 87' lang='lat' dir='ltr'><strong>Et</strong></span> <span class='ocrx_word' id='word_1_203' title='bbox 693 3613 917 3692; x_wconf 87' lang='lat' dir='ltr'><strong>nihilominus,</strong></span> <span class='ocrx_word' id='word_1_204' title='bbox 943 3613 1105 3680; x_wconf 84' lang='lat' dir='ltr'><strong>Ricardus</strong></span> <span class='ocrx_word' id='word_1_205' title='bbox 1138 3613 1388 3701; x_wconf 84' lang='lat' dir='ltr'><strong>Yongesuaynt,</strong></span> 
     </span>
    </p>

    <p class='ocr_par' dir='ltr' id='par_1_14' title="bbox 335 3714 1388 3904">
     <span class='ocr_line' id='line_1_28' title="bbox 335 3714 1388 3803; baseline 0 -21"><span class='ocrx_word' id='word_1_206' title='bbox 335 3717 357 3782; x_wconf 86' lang='lat' dir='ltr'><strong>J</strong></span> <span class='ocrx_word' id='word_1_207' title='bbox 360 3717 504 3782; x_wconf 86' lang='lat' dir='ltr'><strong>ohannes</strong></span> <span class='ocrx_word' id='word_1_208' title='bbox 534 3715 731 3799; x_wconf 85' lang='lat' dir='ltr'><strong>Rougedale,</strong></span> <span class='ocrx_word' id='word_1_209' title='bbox 757 3714 924 3792; x_wconf 78' lang='lat' dir='ltr'><strong>Gilbentns</strong></span> <span class='ocrx_word' id='word_1_210' title='bbox 950 3716 991 3782; x_wconf 91' lang='lat' dir='ltr'><strong>de</strong></span> <span class='ocrx_word' id='word_1_211' title='bbox 1014 3715 1154 3802; x_wconf 86' lang='lat' dir='ltr'><strong>Espeley</strong></span> <span class='ocrx_word' id='word_1_212' title='bbox 1178 3722 1212 3780; x_wconf 89' lang='lat' dir='ltr'><strong>et</strong></span> <span class='ocrx_word' id='word_1_213' title='bbox 1241 3717 1388 3803; x_wconf 85' lang='lat' dir='ltr'><strong>Rogerus</strong></span> 
     </span>
     <span class='ocr_line' id='line_1_29' title="bbox 336 3815 1387 3904; baseline 0.001 -22"><span class='ocrx_word' id='word_1_214' title='bbox 336 3818 508 3895; x_wconf 87' lang='lat' dir='ltr'><strong>Dutenese,</strong></span> <span class='ocrx_word' id='word_1_215' title='bbox 530 3821 788 3903; x_wconf 86' lang='lat' dir='ltr'><strong>manuceperunt</strong></span> <span class='ocrx_word' id='word_1_216' title='bbox 804 3838 886 3882; x_wconf 87' lang='lat' dir='ltr'><strong>eum.</strong></span> <span class='ocrx_word' id='word_1_217' title='bbox 933 3815 1013 3882; x_wconf 89' lang='lat' dir='ltr'><strong>Ideo</strong></span> <span class='ocrx_word' id='word_1_218' title='bbox 1027 3817 1091 3904; x_wconf 85' lang='lat' dir='ltr'><strong>ipsi</strong></span> <span class='ocrx_word' id='word_1_219' title='bbox 1106 3817 1142 3880; x_wconf 91' lang='lat' dir='ltr'><strong>in</strong></span> <span class='ocrx_word' id='word_1_220' title='bbox 1160 3817 1387 3884; x_wconf 86' lang='lat' dir='ltr'><strong>misericordia</strong></span> 
     </span>
    </p>

    <p class='ocr_par' dir='ltr' id='par_1_15' title="bbox 339 3917 1388 4106">
     <span class='ocr_line' id='line_1_30' title="bbox 339 3917 1388 4005; baseline 0.002 -23"><span class='ocrx_word' id='word_1_221' title='bbox 339 3919 384 3982; x_wconf 89' lang='lat' dir='ltr'><strong>Et</strong></span> <span class='ocrx_word' id='word_1_222' title='bbox 406 3917 645 3983; x_wconf 86' lang='lat' dir='ltr'><strong>consideratum</strong></span> <span class='ocrx_word' id='word_1_223' title='bbox 679 3923 738 3997; x_wconf 88' lang='lat' dir='ltr'><strong>est,</strong></span> <span class='ocrx_word' id='word_1_224' title='bbox 760 3918 849 4003; x_wconf 91' lang='lat' dir='ltr'><strong>quod</strong></span> <span class='ocrx_word' id='word_1_225' title='bbox 878 3918 1055 4005; x_wconf 83' lang='lat' dir='ltr'><strong>praedictus</strong></span> <span class='ocrx_word' id='word_1_226' title='bbox 1081 3919 1234 3984; x_wconf 88' lang='lat' dir='ltr'><strong>dominus</strong></span> <span class='ocrx_word' id='word_1_227' title='bbox 1257 3939 1317 3983; x_wconf 80' lang='lat' dir='ltr'><strong>rex</strong></span> <span class='ocrx_word' id='word_1_228' title='bbox 1338 3942 1388 3984; x_wconf 89' lang='lat' dir='ltr'><strong>re-</strong></span> 
     </span>
     <span class='ocr_line' id='line_1_31' title="bbox 339 4019 1388 4106; baseline 0 -22"><span class='ocrx_word' id='word_1_229' title='bbox 339 4023 473 4106; x_wconf 87' lang='lat' dir='ltr'><strong>cuperet</strong></span> <span class='ocrx_word' id='word_1_230' title='bbox 495 4019 779 4105; x_wconf 71' lang='lat' dir='ltr'><strong>praesentationem</strong></span> <span class='ocrx_word' id='word_1_231' title='bbox 802 4040 894 4084; x_wconf 75' lang='lat' dir='ltr'><strong>nuam</strong></span> <span class='ocrx_word' id='word_1_232' title='bbox 917 4040 1030 4085; x_wconf 88' lang='lat' dir='ltr'><strong>versus</strong></span> <span class='ocrx_word' id='word_1_233' title='bbox 1052 4019 1246 4106; x_wconf 83' lang='lat' dir='ltr'><strong>praedictum</strong></span> <span class='ocrx_word' id='word_1_234' title='bbox 1269 4020 1388 4106; x_wconf 83' lang='lat' dir='ltr'><strong>magis·</strong></span> 
     </span>
    </p>

    <p class='ocr_par' dir='ltr' id='par_1_16' title="bbox 340 4119 1388 4207">
     <span class='ocr_line' id='line_1_32' title="bbox 340 4119 1388 4207; baseline 0 -21"><span class='ocrx_word' id='word_1_235' title='bbox 340 4127 428 4186; x_wconf 90' lang='lat' dir='ltr'><strong>trum</strong></span> <span class='ocrx_word' id='word_1_236' title='bbox 455 4119 656 4186; x_wconf 88' lang='lat' dir='ltr'><strong>Willelmum</strong></span> <span class='ocrx_word' id='word_1_237' title='bbox 681 4121 724 4186; x_wconf 88' lang='lat' dir='ltr'><strong>ad</strong></span> <span class='ocrx_word' id='word_1_238' title='bbox 745 4120 936 4207; x_wconf 84' lang='lat' dir='ltr'><strong>praedictam</strong></span> <span class='ocrx_word' id='word_1_239' title='bbox 959 4119 1115 4185; x_wconf 86' lang='lat' dir='ltr'><strong>vicariam</strong></span> <span class='ocrx_word' id='word_1_240' title='bbox 1151 4142 1209 4207; x_wconf 89' lang='lat' dir='ltr'><strong>per</strong></span> <span class='ocrx_word' id='word_1_241' title='bbox 1231 4120 1388 4186; x_wconf 88' lang='lat' dir='ltr'><strong>defaltam</strong></span> 
     </span>
    </p>

    <p class='ocr_par' dir='ltr' id='par_1_17' title="bbox 341 4207 1389 4308">
     <span class='ocr_line' id='line_1_33' title="bbox 341 4207 1389 4308; baseline 0 -20"><span class='ocrx_word' id='word_1_242' title='bbox 341 4229 410 4300; x_wconf 88' lang='lat' dir='ltr'><strong>etc,</strong></span> <span class='ocrx_word' id='word_1_243' title='bbox 433 4226 467 4288; x_wconf 88' lang='lat' dir='ltr'><strong>et</strong></span> <span class='ocrx_word' id='word_1_244' title='bbox 488 4221 645 4308; x_wconf 87' lang='lat' dir='ltr'><strong>magister</strong></span> <span class='ocrx_word' id='word_1_245' title='bbox 666 4219 849 4287; x_wconf 90' lang='lat' dir='ltr'><strong>Willelmus</strong></span> <span class='ocrx_word' id='word_1_246' title='bbox 879 4223 916 4286; x_wconf 93' lang='lat' dir='ltr'><strong>in</strong></span> <span class='ocrx_word' id='word_1_247' title='bbox 947 4221 1175 4289; x_wconf 87' lang='lat' dir='ltr'><strong>misericordia.</strong></span> <span class='ocrx_word' id='word_1_248' title='bbox 1222 4221 1267 4286; x_wconf 87' lang='lat' dir='ltr'><strong>Et</strong></span> <span class='ocrx_word' id='word_1_249' title='bbox 1301 4207 1389 4288; x_wconf 86' lang='lat' dir='ltr'><strong>idem</strong></span> 
     </span>
    </p>
   </div>
   <div class='ocr_carea' id='block_1_5' title="bbox 334 1961 524 2013">
    <p class='ocr_par' dir='ltr' id='par_1_18' title="bbox 334 1961 524 2013">
     <span class='ocr_line' id='line_1_34' title="bbox 334 1961 524 2013; baseline 0 -1"><span class='ocrx_word' id='word_1_250' title='bbox 334 1961 524 2013; x_wconf 83' lang='lat' dir='ltr'><strong>Nerthumbria.</strong></span> 
     </span>
    </p>
   </div>
   <div class='ocr_carea' id='block_1_6' title="bbox 340 4321 1391 4716">
    <p class='ocr_par' dir='ltr' id='par_1_19' title="bbox 340 4321 1391 4716">
     <span class='ocr_line' id='line_1_35' title="bbox 341 4321 1389 4411; baseline 0 -21"><span class='ocrx_word' id='word_1_251' title='bbox 341 4324 493 4391; x_wconf 85' lang='lat' dir='ltr'><strong>dominus</strong></span> <span class='ocrx_word' id='word_1_252' title='bbox 522 4344 582 4388; x_wconf 86' lang='lat' dir='ltr'><strong>rex</strong></span> <span class='ocrx_word' id='word_1_253' title='bbox 603 4322 724 4388; x_wconf 86' lang='lat' dir='ltr'><strong>habeat</strong></span> <span class='ocrx_word' id='word_1_254' title='bbox 745 4322 845 4389; x_wconf 89' lang='lat' dir='ltr'><strong>breve</strong></span> <span class='ocrx_word' id='word_1_255' title='bbox 871 4323 1020 4411; x_wconf 88' lang='lat' dir='ltr'><strong>episcopo</strong></span> <span class='ocrx_word' id='word_1_256' title='bbox 1046 4321 1270 4402; x_wconf 83' lang='lat' dir='ltr'><strong>Dunolmensi,</strong></span> <span class='ocrx_word' id='word_1_257' title='bbox 1294 4325 1389 4409; x_wconf 85' lang='lat' dir='ltr'><strong>qnod,</strong></span> 
     </span>
     <span class='ocr_line' id='line_1_36' title="bbox 341 4422 1391 4511; baseline -0.002 -21"><span class='ocrx_word' id='word_1_258' title='bbox 341 4423 583 4490; x_wconf 84' lang='lat' dir='ltr'><strong>nonobstante</strong></span> <span class='ocrx_word' id='word_1_259' title='bbox 614 4422 843 4489; x_wconf 80' lang='lat' dir='ltr'><strong>reclamatione</strong></span> <span class='ocrx_word' id='word_1_260' title='bbox 865 4423 1016 4511; x_wconf 86' lang='lat' dir='ltr'><strong>praedicti</strong></span> <span class='ocrx_word' id='word_1_261' title='bbox 1044 4425 1194 4511; x_wconf 79' lang='lat' dir='ltr'><strong>magistri</strong></span> <span class='ocrx_word' id='word_1_262' title='bbox 1225 4425 1391 4504; x_wconf 88' lang='lat' dir='ltr'><strong>Willelmi,</strong></span> 
     </span>
     <span class='ocr_line' id='line_1_37' title="bbox 341 4525 1391 4613; baseline 0.001 -22"><span class='ocrx_word' id='word_1_263' title='bbox 341 4528 384 4591; x_wconf 86' lang='lat' dir='ltr'><strong>ad</strong></span> <span class='ocrx_word' id='word_1_264' title='bbox 398 4525 685 4613; x_wconf 69' lang='lat' dir='ltr'><strong>presentationem</strong></span> <span class='ocrx_word' id='word_1_265' title='bbox 701 4525 826 4591; x_wconf 91' lang='lat' dir='ltr'><strong>domini</strong></span> <span class='ocrx_word' id='word_1_266' title='bbox 840 4527 934 4613; x_wconf 84' lang='lat' dir='ltr'><strong>regis,</strong></span> <span class='ocrx_word' id='word_1_267' title='bbox 957 4525 999 4592; x_wconf 85' lang='lat' dir='ltr'><strong>ad</strong></span> <span class='ocrx_word' id='word_1_268' title='bbox 1021 4527 1211 4612; x_wconf 79' lang='lat' dir='ltr'><strong>praedictam</strong></span> <span class='ocrx_word' id='word_1_269' title='bbox 1234 4527 1391 4594; x_wconf 84' lang='lat' dir='ltr'><strong>vicariam</strong></span> 
     </span>
     <span class='ocr_line' id='line_1_38' title="bbox 340 4627 871 4716; baseline 0.002 -23"><span class='ocrx_word' id='word_1_270' title='bbox 340 4627 491 4695; x_wconf 88' lang='lat' dir='ltr'><strong>idoneam</strong></span> <span class='ocrx_word' id='word_1_271' title='bbox 514 4649 685 4716; x_wconf 88' lang='lat' dir='ltr'><strong>personam</strong></span> <span class='ocrx_word' id='word_1_272' title='bbox 708 4627 871 4694; x_wconf 88' lang='lat' dir='ltr'><strong>admittat.</strong></span> 
     </span>
    </p>
   </div>
   <div class='ocr_carea' id='block_1_7' title="bbox 0 0 1786 5714">
    <p class='ocr_par' dir='ltr' id='par_1_20' title="bbox 0 0 1786 5714">
     <span class='ocr_line' id='line_1_39' title="bbox 0 0 1786 5714; baseline 0 0"><span class='ocrx_word' id='word_1_273' title='bbox 0 0 1786 5714; x_wconf 95' lang='lat' dir='ltr'><strong> </strong></span> 
     </span>
    </p>
   </div>
  </div>
 </body>
</html>
