3530 5708
500 809 700 862 nnorsuuun
722 807 926 862 nimirums
948 812 1189 864 unumunusn
1304 799 1370 870 779

142 995 452 1066 nn.nn¹w.sDatum
475 997 564 1085 apud
594 997 759 1066 Oarleton'
788 999 923 1086 Paynel,
946 1020 1033 1066 ncnc
1062 1000 1117 1066 die
1138 1000 1259 1066 mensis
1289 999 1374 1066 Feb·
1404 1015 1527 1062 mure

324 1099 438 1178 runrii,
471 1121 559 1166 anno
591 1099 726 1166 Domini
759 1099 933 1166 millesimo
964 1101 1039 1170 000⁰.
1066 1102 1317 1190 quintodecim0,
1341 1106 1375 1170 et

324 1203 578 1270 consecrationis
599 1207 720 1290 nostrpe
742 1202 867 1288 quinto.

638 1359 806 1438 Ricardus,
828 1359 1040 1444 permissione
1063 1365 1132 1438 etc,
1156 1359 1275 1426 dilecto
1297 1359 1429 1424 filios
1366 1376 1531 1473 ,difflato

589 1461 737 1529 Johanni
760 1462 801 1526 de
823 1459 975 1539 Pollowe,
997 1465 1181 1547 sequestrat
1182 1461 1232 1526 ori
1253 1468 1417 1540 nostroe
1388 1478 1509 1572 pppis
1494 1530 1543 1573 me

323 1565 472 1642 salutem,
487 1565 629 1652 gratiam
653 1569 688 1630 et
710 1563 980 1629 benedictionem.
1026 1561 1110 1628 Cum
1131 1563 1176 1627 Pe
1178 1563 1311 1630 tronille
1333 1564 1374 1629 de
1386 1579 1508 1674 otuu-rur
1513 1580 1543 1622 ce

323 1667 488 1755 Ooigners,
520 1687 610 1732 soror
640 1671 675 1732 et
712 1665 885 1732 executrix
923 1665 1116 1730 testamenti
1154 1664 1247 1732 Walt
1232 1667 1296 1731 teri
1333 1627 1407 1730 deB
1387 1679 1503 1726 ιωωοι.

322 1768 467 1846 Burcon’,
491 1767 648 1846 defuncti,
664 1769 707 1832 sd
729 1790 829 1855 quam
844 1767 1017 1854 dispositio
1040 1768 1189 1833 omnium
1211 1769 1374 1834 bonorum

323 1871 476 1957 ejusdem,
507 1869 596 1936 ultra
629 1870 746 1958 legate,
776 1870 929 1956 pertinet,
964 1869 1117 1955 quaedam
1154 1869 1267 1936 debita
1300 1892 1373 1956 quae

322 1971 427 2037 eidem
449 1971 609 2049 Weltero,
631 1972 711 2037 dum
733 1971 831 2050 vixit,
853 1993 874 2036 a
903 1970 1050 2056 personis
1073 1992 1213 2057 quarum
1238 1973 1374 2038 nomina

321 2075 358 2139 in
381 2074 535 2140 schedula
564 2094 695 2138 annexa
724 2071 944 2159 praesentibus
977 2077 1057 2138 sunt
1089 2077 1255 2151 contenta,
1278 2073 1375 2139 debe-

321 2175 452 2253 bantur,
475 2180 510 2241 et
533 2175 573 2241 de
596 2173 717 2259 quibus
740 2173 908 2258 hucusque
930 2171 1138 2238 satisfactum
1161 2195 1228 2240 non
1250 2175 1374 2252 extitit,

320 2277 538 2362 eleemosynas
570 2279 693 2341 nostrae
725 2273 915 2352 contulerit,
940 2279 975 2338 et
1009 2275 1143 2340 duxerit
1169 2275 1374 2362 assignanda,

322 2380 427 2457 vobis,
449 2379 490 2444 de
514 2377 607 2464 cujus
629 2377 793 2442 industria
814 2376 970 2440 fiduciam
991 2376 1188 2455 obtinemus,
1203 2377 1246 2442 od
1261 2378 1375 2443 levan-

322 2482 403 2546 dum
426 2485 460 2546 et
482 2479 700 2566 colligendum
723 2478 813 2544 diota
835 2476 956 2556 debita,
979 2483 1014 2543 et
1037 2479 1081 2543 ed
1103 2477 1290 2546 faciendum
1313 2481 1375 2546 sol-

321 2583 478 2648 ventibus
499 2581 612 2647 literas
635 2582 676 2645 de
698 2578 815 2658 solutu,
838 2601 878 2644 ac
900 2580 1012 2644 omnia
1041 2579 1108 2646 alie
1139 2603 1213 2666 quse
1244 2582 1281 2647 in
1312 2583 1374 2647 hac

320 2689 413 2771 parte
450 2682 575 2748 fuerint
612 2687 804 2768 opportuna,
838 2681 926 2747 vices
964 2685 1093 2747 nostras
1124 2683 1371 2767 committimus,

321 2808 394 2853 cum
417 2785 595 2872 cujuslibet
615 2784 790 2850 coercionis
813 2783 978 2850 canonicae
999 2787 1170 2870 potestate.
1217 2785 1258 2850 In
1281 2786 1372 2873 eujus

321 2890 370 2956 rei
390 2888 628 2966 testimonium,
644 2885 788 2972 sigillum
803 2890 952 2951 nostrum
976 2885 1194 2972 praesentibus
1217 2887 1372 2954 duximus

321 2989 559 3078 apponendum.
605 2988 731 3054 Datum
754 2986 844 3073 apud
867 2986 1031 3052 Cerletcn'
1054 2986 1196 3073 Paynel’,
1212 2989 1294 3077 xiiij.
1319 2991 1373 3056 die

323 3091 503 3169 Februarii,
529 3111 616 3157 auno
649 3088 786 3155 Domini
816 3088 990 3155 mfflesimo
1017 3103 1091 3156 cccO.
1119 3089 1372 3176 quintodecimo,

323 3199 357 3261 et
378 3193 629 3261 consecrationis
651 3195 773 3257 nostrae
797 3191 921 3276 quinte.
1101 3179 1102 3184 ἵ

436 3349 444 3366 “
534 3347 585 3412 De
607 3345 788 3412 Petronilla
809 3345 850 3410 de
873 3343 1041 3432 Ooigners,
1063 3365 1173 3412 sorore
1199 3351 1235 3412 et
1257 3368 1372 3412 execu-
1409 3361 1501 3406 crass

322 3413 423 3465 Debita
489 3443 555 3514 tice
584 3447 777 3514 testamenti
804 3445 944 3512 Wolteri
966 3446 1007 3510 de
1030 3445 1178 3524 Burton’,
1205 3449 1250 3514 ad
1272 3423 1413 3534 quami
1412 3422 1494 3516 itii

323 3554 433 3614 totum
443 3551 613 3616 residuum
624 3548 784 3614 bonorum
795 3547 941 3633 ejusdcm
949 3546 1096 3634 pertinet
1112 3547 1217 3636 [quae]
1234 3549 1371 3616 eleemo-
1383 3523 1541 3626 ffitpytm

325 3673 417 3738 synse
432 3652 546 3718 debita
568 3648 744 3716 contulerit
760 3653 794 3714 et
816 3649 1037 3736 assignaverit
1058 3649 1275 3738 infrascripta.
1320 3652 1371 3719 De
1384 3623 1503 3725 ιᾞιιιὲ

326 3754 468 3819 Ricardo
491 3753 531 3819 de
555 3751 732 3830 Stanlawe,
756 3771 814 3817 xx
824 3773 847 3818 s
879 3772 960 3838 quos
989 3753 1110 3839 recepit
1146 3753 1188 3818 de
1222 3754 1372 3822 Galfrido
1383 3725 1534 3819 ‘iddio

327 3853 559 3934 Henneknoli',
581 3874 641 3940 pro
663 3851 859 3939 quibusdem
883 3853 1012 3918 damnis
1033 3854 1098 3919 sibi
1119 3855 1316 3941 adjudicatis
1337 3824 1483 3921 suddit.
1480 3826 1509 3870 ‘¹⁰

330 3956 450 4046 [curia]
470 3955 616 4024 saeoidnri
630 3954 879 4034 Dunolmensi,
869 3977 905 4020 1n
920 3955 1063 4042 quodam
1078 3879 1200 4042 placido
1214 3959 1255 4024 de
1270 3958 1374 4024 libero

329 4065 527 4126 tenemento.
587 4059 683 4136 Item,
707 4057 748 4122 de
771 4057 906 4122 domina
928 4055 1090 4134 Eiizabet,
1111 4055 1226 4124 relicta
1247 4058 1374 4126 domini

335 4160 500 4229 debannis
524 4160 593 4248 [de]
616 4159 780 4248 Ooigners,
797 4159 955 4238 deiuncti,
977 4161 1161 4227 executrice
1182 4162 1374 4230 testamenti

333 4264 414 4332 dicti
437 4263 592 4344 defuncti,
616 4285 649 4330 v.
670 4283 804 4340 marcas,
826 4264 868 4329 de
889 4261 1018 4327 residuo
1040 4261 1109 4347 xiij.
1133 4283 1313 4328 marcarum
1337 4266 1373 4331 in

327 4369 447 4456 quibus
468 4388 528 4454 pro
557 4364 656 4432 blado
690 4364 796 4431 eidem
826 4363 953 4429 domini
985 4362 1142 4445 Johanni,
1172 4364 1252 4430 dum
1274 4367 1372 4447 vixit,

328 4493 387 4558 per
401 4469 584 4538 Walterum
600 4468 641 4533 de
656 4465 803 4546 Burton’,
820 4466 957 4532 vendito
980 4470 1013 4532 et
1035 4466 1174 4533 liberato
1189 4469 1370 4538 tenebatur.

324 4573 419 4655 Item,
443 4572 485 4638 de
508 4571 622 4637 eadem
644 4569 805 4647 Elizabet,
826 4591 883 4636 xx.
895 4590 927 4648 a,
949 4591 1010 4656 pro
1031 4587 1100 4636 uno
1120 4591 1205 4657 equo
1226 4571 1291 4640 sibi
1313 4595 1371 4660 per

325 4675 451 4742 dictum
473 4673 659 4741 Walterum
682 4672 819 4739 vendito
841 4676 875 4739 et
896 4673 1028 4741 tradito.
