3506 5702
401 809 467 880 784
578 824 779 876 nnorsrsun
802 821 1006 874 emmanu
1027 823 1269 878 nurnnumrsn.

248 1023 370 1069 all-1³1&
399 1017 434 1078 et
466 1014 611 1094 devote;
646 1014 800 1101 quodque
829 1011 1015 1102 presbyteri
1045 1011 1083 1076 in
1113 1011 1212 1077 dictis
1235 1011 1376 1077 ecclesiis
1398 1013 1451 1078 di·
1463 1031 1507 1078 un.
1515 1033 1621 1088 assas

399 1116 479 1180 vina
494 1115 600 1182 officia
621 1117 833 1196 celebrantes,
856 1117 893 1180 in
915 1114 1054 1201 singulis
1077 1113 1250 1179 missarum
1273 1114 1450 1192 solemniis,

398 1240 458 1304 pro
480 1219 602 1284 eisdem
622 1219 794 1304 specialem
808 1215 1151 1306 commemorationem
1173 1216 1306 1294 faciant,
1322 1222 1356 1281 et
1378 1239 1450 1282 ora·

398 1320 505 1386 tiones
527 1319 602 1384 illas
625 1340 699 1406 quae
729 1340 788 1406 pro
811 1339 891 1406 pace
921 1317 988 1383 dici
1013 1322 1265 1396 consueverunt,
1296 1338 1371 1383 cum
1394 1318 1449 1382 de-

399 1421 532 1487 votione
564 1420 686 1498 debita,
708 1421 816 1512 dicere
848 1440 916 1485 non
945 1417 1112 1484 omittant
1174 1417 1356 1484 Conservet
1381 1440 1448 1496 vos,

399 1522 541 1589 ecclesis
574 1526 610 1588 et
640 1523 760 1609 populo
794 1543 862 1601 suo,
885 1520 977 1586 Deus
1014 1541 1073 1606 per
1108 1525 1258 1606 tempora
1293 1519 1449 1606 longiora

398 1625 523 1690 Datum
553 1624 641 1710 apud
666 1624 857 1702 Eboracum,
879 1619 974 1708 xvij⁰.
998 1619 1064 1688 kal.
1086 1619 1192 1701 Junii,
1215 1642 1303 1687 anno
1326 1619 1450 1687 Gratiae

398 1722 606 1810 rd.ccc⁰.xvj⁰.

231 1945 362 2041 {mm
398 1963 470 2016 Mon
471 1963 507 2014 ,0
525 1965 559 2014 ,d
579 1966 664 2015 obser
743 1930 913 2012 Ricardus,
929 1935 998 2012 etc,
1014 1929 1133 1996 dilecto
1156 1929 1265 2010 filio,⁸
1290 1928 1450 1996 ‚officiali

231 2047 272 2089 ιι
282 2047 324 2091 deo
298 2009 362 2092 aad
399 2032 483 2082 vanua
484 2032 620 2082 moenem
621 2045 656 2080 ¹¹¹
697 2041 811 2097 nostro
834 2031 1061 2112 Dunolmensi,
1077 2032 1226 2109 salutem,
1250 2032 1393 2117 gratiam
1416 2037 1450 2097 et

231 2097 342 2241 Effice
332 2147 379 2242 {qn
399 2130 563 2198 benedict
538 2137 669 2198 t.1onem
718 2133 803 2199 (lum
826 2155 884 2220 per
910 2138 984 2198 sota
1014 2153 1122 2198 coram
1144 2133 1240 2198 vobis
1261 2153 1300 2198 ac
1321 2131 1450 2198 dilectis

231 2197 350 2346 {inq}
337 2210 486 2312 ”filiis
501 2235 659 2320 magistro
685 2233 856 2322 [Ricardo]
881 2234 924 2299 de
946 2234 1113 2349 Eryum,
1098 2235 1186 2320 Juris
1201 2233 1309 2299 civilis
1324 2233 1445 2321 profes·

232 2401 270 2440 ω
231 2329 372 2441 ruotgqtmhgs·
400 2356 479 2414 sore,
495 2356 533 2400 ac
547 2334 700 2400 Johanne
715 2335 755 2401 de
771 2335 923 2416 Pollowe,
940 2334 1168 2400 commissariia
1183 2335 1305 2400 nostris
1326 2336 1370 2400 ad
1390 2355 1450 2400 au·

232 2447 365 2542 Ιὲοιοιῖῗέῑωοῐ
400 2436 559 2506 diendum
574 2441 760 2524 compotum
776 2435 909 2502 finalem
934 2436 1084 2524 magistri
1111 2436 1246 2502 Thomas
1267 2437 1308 2502 de
1330 2437 1450 2503 Leves·

399 2537 486 2617 ham,
511 2537 628 2616 clerici,
650 2538 858 2603 dominorum
881 2537 1015 2604 Ricardi
1037 2537 1079 2602 de
1101 2537 1262 2624 Topelivs,
1293 2537 1378 2604 Adae
1408 2539 1449 2604 de

399 2637 528 2720 Bedale,
541 2639 582 2703 de
599 2638 761 2704 Strunton
784 2643 819 2704 et
841 2638 1047 2704 Gretham'
1014 2639 1221 2720 noeriorum,
1237 2645 1449 2705 executurum

398 2740 591 2806 testamenti
606 2740 732 2804 domini
747 2739 882 2806 Thomae
896 2740 938 2804 de
949 2740 1140 2818 Leuesham,
1150 2741 1316 2827 quondam
1330 2742 1449 2828 magis-

399 2841 443 2906 tri
481 2841 655 2929 hospitalis
689 2841 732 2906 de
763 2840 931 2920 Gretham,
953 2847 1076 2908 nostrae
1107 2843 1265 2922 dioecesis,
1291 2841 1447 2921 defuncti,

399 2944 583 3030 specialiter
605 2943 786 3030 deputatis,
802 2943 926 3025 habitu,
942 2944 1114 3011 evidenter
1135 2950 1303 3033 appareat,
1318 2967 1376 3032 per
1390 2967 1450 3011 vos

398 3046 566 3111 decretum
590 3067 670 3126 esse,
686 3044 775 3132 quod
802 3045 885 3111 dicti
916 3050 1104 3112 executores
1126 3047 1237 3112 omnia
1258 3047 1345 3112 bona
1367 3047 1450 3112 dicti

399 3146 556 3228 defuncti,
579 3148 720 3234 pignora
752 3151 788 3212 et
810 3147 1029 3226 munimenta,
1060 3168 1099 3213 ac
1130 3148 1232 3214 etiam
1262 3148 1330 3214 alia
1362 3169 1451 3235 quae·

398 3270 527 3335 cunque
550 3247 677 3314 dictum
694 3248 896 3327 defunctum,
911 3254 947 3315 et
970 3249 1039 3334 ejus
1062 3253 1306 3329 testamentum,
1321 3250 1450 3316 contin-

398 3351 519 3437 gentia,
543 3351 690 3438 exceptis
712 3349 867 3416 schedula
889 3355 925 3415 et
953 3350 1187 3430 consimilibus,
1212 3352 1296 3418 citra
1325 3357 1450 3417 certum

399 3455 495 3531 diem,
511 3473 638 3519 necnon
661 3452 922 3539 quandocunque
944 3451 1057 3538 aliqua
1077 3453 1167 3518 bona
1188 3451 1311 3520 illaad
1333 3475 1450 3518 manus

398 3577 511 3620 eorum
534 3554 688 3619 devenire
711 3553 950 3639 contingerent,
972 3553 1016 3617 ad
1041 3552 1207 3618 ecclesiam
1229 3553 1450 3619 cathedralem

398 3655 655 3721 Dunolmensem
685 3653 862 3733 deferrent,
887 3658 921 3720 et
951 3654 1012 3720 sub
1042 3653 1151 3719 tribus
1184 3655 1320 3720 serruris
1349 3654 1450 3742 depo·

398 3761 526 3836 nerent,
550 3756 621 3821 sine
651 3777 810 3822 consensu
845 3754 993 3820 omnium
1023 3755 1214 3820 nullatenus
1235 3755 1450 3842 attingenda3

400 3859 454 3924 cui
483 3858 613 3926 decreto
645 3857 776 3945 praelati
811 3861 1009 3935 executores,
1024 3861 1072 3922 ut
1100 3856 1293 3942 accepimus,
1315 3858 1450 3922 minime

398 3965 600 4048 paruerunt;
633 3980 675 4025 ex
703 3980 769 4045 quo
791 3958 992 4044 conjicimus,
1014 3979 1082 4023 non
1104 3959 1226 4044 absque
1253 3979 1358 4038 causa,
1385 3959 1452 4046 ple·

353 4137 363 4152 ,
399 4084 500 4148 raque
522 4061 667 4149 pericula
689 4061 726 4125 in
756 4060 854 4126 dictis
884 4060 979 4125 bonis
1010 4060 1075 4126 hiis
1104 4059 1221 4126 diebus
1250 4083 1345 4148 posse
1367 4061 1452 4128 veri-

400 4163 552 4228 similiter
573 4163 766 4242 imminere;
789 4161 893 4238 vobis,
914 4161 1056 4226 firmiter
1077 4160 1290 4250 injungendo,
1317 4163 1452 4227 manda-

400 4285 481 4345 mus,
505 4269 668 4349 quatenus
690 4263 797 4328 dictos
818 4261 967 4342 vicarios,
991 4262 1033 4326 ad
1057 4283 1197 4348 quorum
1227 4283 1345 4329 manus
1367 4265 1453 4329 bona

401 4365 533 4454 praefati
568 4365 717 4432 defuncti
748 4363 876 4430 notorie
900 4363 1115 4443 devenerunt,
1138 4366 1299 4432 moneatis
1330 4371 1365 4430 et
1386 4364 1452 4431 effi·

403 4469 524 4534 caciter
546 4469 721 4548 inducatis,
745 4468 833 4555 quod
863 4467 947 4534 citra
969 4467 1091 4533 festum
1122 4466 1253 4535 Sanctae
1276 4469 1452 4534 Trinitatis

403 4570 555 4655 proximo
585 4576 771 4649 venturum,
808 4570 897 4636 bona
930 4569 1034 4657 ipsius
1070 4569 1227 4648 defuncti,
1250 4591 1453 4657 quaecunque

402 4690 503 4757 penes
525 4691 559 4736 se
574 4671 705 4751 habent,
720 4673 757 4737 in
772 4671 906 4738 ecclesia
920 4670 1145 4750 Dunolmensi,
1162 4671 1264 4758 juxta
1285 4672 1453 4740 decretum
