3452 5702
365 797 431 866 724
546 795 746 859 nnarsrsnn
767 804 970 856 rimamus
992 803 1235 855 nussannrsn

218 1013 341 1058 anna.
367 1017 447 1061 xxx.
470 994 506 1079 lt,
552 994 640 1060 Item
663 994 786 1072 dicunt,
801 991 889 1079 quod
912 993 977 1058 duo
999 991 1170 1078 portiforia
1192 989 1338 1077 ejusdem
1361 1009 1412 1055 ec-
1427 995 1594 1049 anaema.

153 1099 158 1109 ¹
366 1098 482 1176 clesiae,
505 1096 605 1184 pretii
626 1095 757 1181 lxxviij.
780 1095 959 1161 solidorum
991 1098 1026 1160 et
1048 1094 1117 1179 viij.
1132 1093 1175 1172 d,
1198 1096 1277 1159 sunt
1299 1113 1410 1178 aspor-

367 1207 441 1266 tata
472 1222 530 1287 per
563 1199 747 1264 Walterum
781 1197 822 1262 de
854 1195 1010 1283 Heyron'.
1061 1196 1148 1261 Item
1182 1195 1307 1272 dicunt,
1328 1193 1417 1279 quod

368 1303 512 1368 defectus
543 1301 815 1366 vestimentorum
842 1299 1028 1364 extendunt
1058 1319 1093 1363 se
1130 1297 1170 1362 ad
1208 1297 1253 1363 lx.
1291 1297 1417 1362 solidos.

368 1407 453 1472 Item
479 1405 602 1482 dicunt,
619 1403 707 1489 quod
730 1401 837 1468 defuit
859 1401 907 1466 ibi
923 1401 1075 1486 quaedam
1090 1399 1212 1465 ccllura
1227 1399 1326 1480 chori,
1342 1422 1416 1487 quae

368 1509 511 1594 reparari
542 1529 611 1572 non
641 1511 751 1592 potest
782 1526 841 1591 pro
874 1502 919 1590 vj.
943 1503 978 1570 lt
1035 1501 1191 1568 Defectus
1224 1502 1418 1568 utensilium

368 1633 443 1696 quaa
477 1609 600 1673 ibidem
635 1606 793 1672 dimisisse
825 1605 993 1671 debuisset
1026 1603 1214 1670 extendunt
1241 1626 1275 1669 se
1304 1605 1347 1669 ad
1369 1605 1416 1669 lx.

368 1711 496 1777 solidos.
529 1711 727 1794 inquorum
743 1709 890 1774 omnium
906 1713 941 1773 et
957 1707 1162 1794 singulorum
1178 1707 1417 1786 testimonium,

367 1814 427 1877 has
461 1813 574 1878 literas
608 1833 696 1876 meas
727 1809 822 1877 vobis
858 1809 1049 1876 transmitto
1083 1813 1243 1896 patentes.
1291 1809 1420 1874 Datum

369 1915 457 2001 apud
480 1914 615 1980 Novum
640 1913 804 1994 Castrum,
827 1911 901 1999 iiij⁰.
923 1913 968 1978 id.
998 1912 1160 1991 Januarii,
1175 1934 1262 1978 anno
1284 1912 1421 1978 Domini

367 2015 492 2084 M⁰.ccc⁰.
516 2015 768 2106 quartodecimo.

203 2225 339 2319 &mig
374 2267 521 2336 [meam
542 2271 575 2319 aa
597 2267 635 2319 oi·
713 2217 883 2296 Ricardus,
898 2217 1111 2304 permissione
1135 2218 1261 2300 divine,
1292 2219 1421 2285 Dunol.

204 2327 328 2420 {23³}ng
371 2335 520 2386 mittendam
546 2337 602 2401 [10-
669 2323 790 2388 mensis
812 2321 990 2408 episcopus,
1013 2321 1132 2386 dilecto
1155 2321 1234 2401 filio,
1263 2322 1421 2408 magistro

205 2427 355 2528 fflssssflim
372 2401 635 2534 {fflgtfflgssffiffi
669 2425 835 2490 Willelmo
882 2422 981 2502 Roua,
1020 2423 1169 2502 salutem,
1208 2423 1349 2510 gratiam
1387 2429 1422 2489 et

205 2527 314 2571 Nouam·
375 2534 432 2598 [de]
459 2534 570 2584 Neusom
592 2534 638 2599 [ad
669 2525 939 2594 benedictionem.
978 2525 1055 2591 Tuae
1071 2525 1258 2590 devotionis
1272 2525 1422 2611 precibus

371 2599 494 2664 fir]mam.
671 2627 897 2694 favorabiliter
929 2626 1090 2704 inclinati,
1114 2632 1152 2693 ut
1183 2628 1291 2693 locum
1323 2633 1420 2692 tuum

371 2731 412 2794 de
445 2730 627 2818 Illeshagh’,
653 2735 686 2797 et
720 2729 846 2796 fruetus
869 2729 1002 2815 capellae
1025 2729 1066 2794 de
1089 2727 1244 2807 Neusom‚
1268 2729 1414 2814 adusque

371 2833 493 2897 festum
529 2833 643 2899 Sancti
678 2832 856 2909 Michaelis,
886 2853 974 2916 auno
1005 2829 1140 2896 Domini
1162 2829 1288 2898 n⁰.ccc⁰.
1311 2838 1422 2897 sexto·

372 2935 506 3014 decimo,
529 2935 572 3000 ad
595 2937 723 3002 firmam
746 2936 850 3021 possis
881 2933 1056 3013 dimittere,
1081 2931 1194 2998 etalii
1225 2933 1315 2999 licite
1341 2934 1421 3000 reci·

373 3058 449 3121 pere
487 3042 521 3102 et
558 3039 709 3116 retinere,
747 3037 819 3117 tibi,
844 3042 961 3102 tenore
997 3036 1218 3122 praesentium,
1251 3037 1420 3102 licentiam

372 3137 603 3224 indulgemus3
625 3139 755 3226 proviso
778 3139 865 3224 quod
889 3138 1032 3216 interim,
1057 3144 1218 3223 quantum
1252 3138 1334 3203 sinit
1365 3160 1423 3224 op·

372 3240 559 3325 portunitas
597 3242 763 3343 temppris,
801 3261 900 3305 onera
937 3240 1035 3305 dictis
1072 3239 1167 3332 locis¹
1197 3241 1423 3306 incumbentia

372 3361 514 3428 congrue
551 3343 651 3408 facias
681 3343 844 3408 sustineri.
890 3342 933 3406 In
970 3342 1063 3427 cujas
1100 3342 1148 3406 rei
1184 3343 1420 3423 testimonium,

372 3449 551 3527 praesentes
584 3445 698 3510 literas
731 3443 794 3510 tibi
827 3444 899 3508 fieri
933 3450 968 3510 et
1002 3449 1113 3510 nostro
1147 3444 1253 3530 sigillo
1287 3445 1422 3510 fecimus

372 3547 575 3611 communiri.
632 3546 757 3611 Datum
795 3546 884 3631 apud
923 3545 1088 3628 Stokton',
1126 3545 1174 3630 ijo.
1211 3545 1265 3611 die
1303 3549 1423 3624 mensis

376 3645 588 3731 Septembris,
612 3669 698 3712 anno
737 3647 872 3713 Domini
911 3645 1039 3716 n⁰.eec⁰.
1078 3647 1195 3733 quinto
1231 3649 1365 3727 decimo,
1388 3642 1435 3716 et'

373 3747 627 3811 consecrationis
649 3753 771 3814 nostrae
795 3749 920 3834 quinto.

254 3994 280 4026 ετ
298 3995 324 4027 ο,
375 3985 575 4050 Sequanam..
594 4003 638 4052 po·
717 3951 885 4032 Ricardus,
923 3917 1134 4038 permissione
1181 3954 1305 4034 divina,
1352 3959 1423 4032 etc,

205 4047 278 4127 ⁵?31l0
327 4097 341 4128 θ
373 4051 448 4102 sirum
464 4054 585 4132 aestibus
601 4055 639 4119 [et
674 4053 795 4121 dilecto
831 4055 901 4119 filio
925 4109 931 4122 .
954 4107 992 4123 ..
1025 4056 1147 4122 decano
1180 4057 1423 4142 jurisdictionis

223 4146 293 4228 ”aui
318 4147 331 4176 ⁰
373 4119 641 4251 ἷζζᾜῗὲξιᾶᾞῗ
674 4161 796 4221 nostrae
818 4156 859 4220 dc
875 4157 1127 4240 Alvertonshir‘,
1143 4158 1199 4223 vel
1221 4159 1292 4244 ejus
1314 4159 1422 4224 locum

243 4265 250 4277 '
374 4251 465 4317 dreley.
674 4260 809 4337 tenenti,
858 4259 994 4324 salutem
1045 4265 1105 4328 etc.
1174 4259 1285 4340 Quum
1335 4263 1424 4326 inter

374 4357 573 4426 Matthaeum
599 4360 743 4445 Dauney
766 4365 800 4424 et
823 4359 1010 4426 «Iohannem
1033 4362 1248 4449 capellanum,
1283 4385 1423 4449 quorum

373 4463 512 4544 uterque
542 4462 579 4525 in
602 4462 765 4528 fructibus
787 4467 822 4528 et
851 4463 1067 4548 proventibus
1089 4465 1275 4551 praebendae
1298 4464 1422 4530 domini

375 4557 528 4642 Hugonis
562 4562 603 4626 de
641 4563 747 4630 Vilers
785 4558 820 4628 in
855 4566 988 4632 ecclesia
1021 4567 1062 4632 de
1101 4567 1349 4654 Osmnndreley,
1380 4590 1424 4634 ex

374 4660 565 4750 perditione
600 4666 821 4750 procuratoris
843 4668 904 4749 sui,
928 4691 962 4735 se
995 4670 1175 4756 praetendit
1205 4678 1240 4737 et
1268 4672 1424 4738 vendicat
