3562 5714
416 773 481 842 902
594 781 793 838 anersrneu
816 777 1019 834 elmrurun
1042 775 1285 830 nuumnmusa

262 985 384 1040 sarus
416 970 599 1038 willelmus
622 969 663 1034 de
686 967 875 1055 Heighton'‚
891 965 1057 1032 walterus
1072 963 1292 1030 Buttestbom
1307 965 1342 1028 et
1356 959 1466 1028 Adam
1477 979 1609 1035 sursus
1618 983 1638 1023 2.

415 1073 579 1151 Bsrnard’,
603 1075 792 1138 executores
813 1069 1005 1136 testamenti
1033 1066 1057 1134 J
1058 1066 1198 1133 ohannis
1227 1063 1465 1150 delBerewice,

417 1176 574 1254 defuncti,
597 1173 695 1240 simul
717 1195 792 1239 oum
821 1173 904 1253 aliis,
928 1173 1187 1256 manuceperunt
1207 1168 1342 1234 reddere
1371 1165 1467 1232 nobis

417 1280 483 1344 ad·
508 1277 713 1345 scaccarium
767 1279 925 1355 nostrum,
968 1274 1014 1340 'od
1057 1272 1265 1338 veluntatem
1310 1272 1465 1348 nostram,

418 1378 578 1464 dceoxliij.
594 1377 630 1446 et.
666 1377 733 1464 viij.
748 1399 773 1446 e.
808 1376 867 1462 iiij.
884 1375 917 1443 d.
933 1373 989 1454 ob,
1017 1375 1075 1460 qui
1106 1378 1185 1439 sunt
1216 1391 1346 1438 summa
1376 1369 1466 1436 debi-

416 1487 527 1548 torum
549 1502 625 1566 quse
647 1479 736 1546 idem
757 1478 782 1546 J
783 1479 927 1546 ohannes
949 1477 1043 1543 nebis
1059 1476 1184 1556 debuit,
1199 1477 1298 1562 prout
1313 1472 1356 1540 ad
1370 1493 1467 1552 nunc,

418 1605 477 1672 per
499 1582 694 1648 scrutinium
709 1581 892 1647 rotulorum
907 1579 948 1645 de
964 1579 1077 1646 eodem
1099 1577 1268 1645 Scaceario
1282 1580 1402 1656 nostre,
1418 1582 1467 1642 est

418 1689 647 1772 compertum3
684 1683 851 1768 iidemque
875 1687 1064 1748 executores
1094 1681 1286 1746 testamenti
1316 1679 1467 1767 praedicti

417 1789 678 1872 manuceperunt
716 1785 868 1852 similiter
904 1785 947 1849 ad
984 1783 1073 1848 idem
1104 1781 1310 1849 Scacearmm
1331 1781 1467 1847 reddere

416 1888 513 1955 nobis
535 1887 669 1968 ibidem,
699 1891 819 1974 praeter
841 1906 1003 1952 summam
1038 1884 1237 1972 praedictam‚
1261 1883 1372 1966 emnia
1402 1882 1468 1948 alia

416 1988 530 2056 debita
566 2011 641 2076 quse
679 1989 803 2054 dictum
835 1987 1024 2055 Jehannem
1056 1987 1152 2052 nobis
1184 1985 1334 2052 debuisse
1364 1986 1469 2050 unde-

416 2113 547 2178 quaque
579 2091 668 2156 dicte
699 2090 753 2155 die
785 2111 850 2176 que
882 2089 975 2168 obiit,
1005 2089 1142 2176 reperiri
1175 2088 1352 2175 continget,
1386 2108 1468 2172 qna·

416 2199 524 2271 tenus,
547 2192 711 2270 videlicet,
734 2191 821 2257 bona
852 2196 887 2257 et
911 2191 1030 2257 catalla
1059 2211 1133 2276 quae
1155 2190 1292 2256 fuerunt
1322 2189 1468 2275 ejusdem

419 2293 586 2364 Johannis
624 2294 678 2360 die
709 2293 868 2382 praedicto
900 2294 1046 2359 valerem
1070 2293 1232 2358 ffietomm
1255 2291 1413 2378 dcccxliij.
1431 2289 1467 2358 u.

416 2396 486 2482 viij.
502 2418 525 2464 s.
564 2395 624 2482 iiij.
640 2394 671 2462 d.
687 2394 735 2464 eb.
773 2395 938 2461 excedunt
950 2420 959 2477 ;
1001 2395 1095 2460 vobis
1139 2395 1344 2472 mandamus,
1380 2394 1467 2480 qued

416 2499 527 2563 emnia
547 2498 635 2562 bena
657 2497 874 2564 ecclesiastica
896 2518 970 2583 queo
1002 2497 1110 2563 dictus
1142 2497 1316 2563 defunctus
1349 2495 1469 2562 habuit

356 2611 359 2618 '
416 2600 453 2664 in
475 2599 608 2666 dioecesi
632 2603 750 2678 vestra,
774 2599 828 2665 die
850 2621 916 2685 que
939 2599 1024 2666 obiit
1047 2600 1242 2688 supradicte,
1265 2600 1294 2664 si
1327 2620 1366 2664 ea
1387 2620 1469 2664 nen·

417 2701 497 2767 dum
521 2701 815 2787 sequestraveritis,
838 2702 908 2768 sine
933 2701 1090 2767 dilatione
1115 2701 1227 2788 aliqua
1249 2701 1467 2788 sequestretis,

417 2808 453 2869 et
475 2824 514 2868 ea
535 2802 665 2869 faciatis
688 2802 830 2869 fideliter
859 2804 1049 2890 appretiari,
1072 2808 1106 2870 et
1137 2825 1175 2870 ea
1205 2805 1316 2870 omnia
1346 2796 1468 2870 extunc

417 2905 545 2972 eisdem
565 2905 806 2986 executoribus,
823 2906 877 2969 vel
900 2926 1011 2970 eorum
1034 2907 1070 2972 in
1091 2907 1154 2974 hec
1175 2911 1269 2995 parte
1293 2900 1467 2984 attorn'ate,

416 3007 489 3074 sine
512 3006 673 3071 dilatione
695 3006 808 3092 aliqua
829 3006 985 3085 liberetis,
1001 3008 1045 3073 ad
1066 3007 1180 3076 debita
1193 3008 1353 3096 praedicta
1374 3007 1467 3072 nobis

415 3109 494 3174 inde
516 3108 680 3188 solvenda,
705 3112 739 3173 et
772 3107 815 3172 ad
849 3109 1075 3175 executionem
1098 3109 1288 3176 testamenti
1310 3110 1468 3197 praedicti,

415 3210 494 3275 inde
517 3211 559 3276 de
580 3209 721 3292 residue,
738 3209 766 3274 si
788 3211 877 3296 qued
898 3211 1009 3290 fuerit,
1024 3211 1216 3280 faciendam,
1261 3213 1306 3279 Et
1322 3219 1468 3279 constare

416 3311 545 3378 faciatis
584 3311 788 3378 thesaurario
823 3317 857 3378 et
887 3311 1065 3379 baronibus
1097 3314 1138 3378 de
1161 3313 1325 3380 Seeceerie
1347 3321 1467 3396 nostru,

416 3415 506 3502 apud
529 3413 871 3494 westmonasterium,
895 3436 916 3479 a
949 3415 1003 3480 die
1035 3414 1151 3482 Sancti
1184 3415 1320 3482 Hillarii
1346 3417 1382 3481 in
1413 3439 1467 3482 xv.

420 3516 500 3594 dies,
515 3537 590 3608 quae
613 3521 648 3582 et
671 3516 853 3602 cujusmodi
875 3515 964 3581 bena
993 3519 1275 3604 sequestraveritis
1305 3520 1469 3586 occasione

418 3617 586 3705 praedicta,
610 3622 645 3682 et
676 3617 744 3696 ubi,
768 3623 802 3683 et
833 3622 996 3704 quantum
1030 3619 1173 3699 valeant,
1207 3621 1385 3687 secundum
1417 3623 1468 3687 sui

417 3740 533 3784 verum
557 3718 711 3800 valorem,
728 3723 763 3784 et
785 3740 859 3804 quae
875 3721 1021 3807 praefatis
1036 3722 1273 3801 executoribus,
1288 3722 1342 3788 vel
1357 3745 1467 3788 eorum

416 3824 596 3898 atternate,
620 3825 659 3885 ut
694 3821 920 3907 praemittitur,
943 3823 1171 3904 liberaveritis,
1194 3825 1400 3891 remittentes
1421 3826 1468 3891 ibi

377 4005 379 4011 Ι
415 3925 497 3988 tunc
519 3920 580 3987 hec
604 3919 712 3988 breve.
760 3923 866 4002 Teste,
895 3923 928 3992 J.
951 3925 992 3990 de
1024 3925 1174 4004 Sandele,
1196 3931 1332 3992 tenente
1362 3927 1468 3992 locum

418 4023 627 4088 Thesaurarii
657 4024 772 4102 nestri,
794 4025 883 4113 apud
912 4024 1250 4110 westmonasterium,
1273 4029 1391 4115 xxviij.
1415 4029 1468 4094 die

418 4124 626 4206 Novembris,
669 4147 755 4191 anne
793 4128 887 4215 regni
933 4130 1040 4195 nestri
1077 4131 1287 4198 sexte—Per
1322 4132 1467 4197 rotulum

416 4225 569 4292 brevium
606 4229 867 4312 retornabilium,
889 4231 930 4296 de
952 4231 1093 4298 termine
1131 4231 1262 4300 Sanctae
1295 4233 1468 4300 Trinitatis

416 4347 504 4396 anno
526 4327 650 4416 quinte.

248 4531 374 4630 mh
416 4591 564 4648 Returnum.
661 4531 703 4594 In
738 4533 922 4619 receptione
962 4533 1063 4622 hujus
1103 4534 1213 4602 brevis
1254 4557 1321 4602 non
1350 4536 1468 4601 babuit

248 4633 317 4687 selus
325 4633 386 4682 vrit
615 4631 785 4700 Jehannes
819 4636 859 4701 de
891 4636 1055 4706 Berevvice
1087 4638 1197 4724 aliqua
1229 4638 1316 4705 bona
1338 4659 1468 4724 seques·
