3452 5702
416 827 482 898 710
600 843 799 893 nnorsrnuu
822 839 1024 892 ιιιιιιιιιιι
1047 841 1290 893 ιιιιιιιιιιιιι.

265 1043 387 1090 snum
418 1029 532 1096 debite
563 1033 596 1094 et
628 1033 791 1106 consueto,
826 1029 934 1116 (cujus
968 1029 1166 1094 obedientiae
1199 1029 1339 1094 formem
1371 1028 1466 1096 vobis
1480 1037 1638 1092 Aelius-s

417 1133 583 1197 mittimus
599 1131 816 1217 presentibus
831 1132 1064 1218 interclusam)
1081 1152 1208 1197 necnon
1223 1132 1266 1196 cd
1281 1131 1466 1196 faciendum

417 1240 452 1300 et
484 1235 701 1300 exercendum
734 1237 845 1300 omnic
879 1240 914 1299 et
945 1234 1076 1321 singula
1107 1256 1182 1320 quae
1211 1234 1249 1298 in
1278 1232 1467 1320 hujusmodi

417 1337 592 1424 potestatis
614 1337 746 1402 vicariae
769 1337 864 1401 nobis
886 1337 924 1400 in
944 1337 1007 1401 hec
1029 1340 1124 1422 perte
1148 1337 1329 1414 attributae,
1346 1337 1467 1423 specio·

418 1440 493 1519 lem,
516 1443 629 1502 tenore
657 1440 878 1524 praesentium,
902 1439 1107 1504 concedimus
1130 1442 1349 1525 potestatem
1371 1438 1466 1503 certi-

420 1541 556 1608 ficantes
578 1540 735 1606 distincte
758 1541 884 1606 dictum
907 1539 1129 1606 venerabilem
1151 1545 1287 1627 petrem,
1310 1541 1363 1606 vel
1393 1561 1462 1619 nos,

418 1663 516 1728 super
537 1643 602 1708 hiis
617 1665 690 1728 quae
706 1647 780 1708 acte
794 1642 918 1707 suerint
933 1643 969 1708 in
982 1643 1168 1728 praemissis,
1184 1663 1222 1708 sc
1236 1641 1467 1729 professionem

421 1744 503 1810 dicti
524 1745 636 1810 fratris
652 1745 796 1831 Philippi
820 1767 878 1832 per
891 1767 951 1811 vos
965 1749 1138 1830 receptam,
1153 1745 1216 1810 sub
1232 1745 1340 1831 sigillo
1356 1750 1466 1810 vestro

420 1868 574 1926 seorsum,
605 1849 822 1926 remittentes,
846 1849 931 1913 citre
963 1847 1165 1933 quindenum
1198 1848 1356 1914 instantis
1389 1849 1466 1916 festi

421 1948 535 2014 Sancti
561 1949 723 2014 Johonnis
745 1950 915 2035 Baptistae,
941 1971 999 2035 per
1024 1955 1150 2015 vestras
1173 1955 1323 2037 petentes
1345 1951 1466 2032 literas,

419 2051 537 2114 herum
560 2051 676 2116 seriem
699 2052 914 2117 continentes.
960 2053 1202 2118 Petemitetem
1224 2057 1368 2118 vestrum
1391 2074 1466 2118 con-

418 2158 527 2217 servet
549 2151 738 2217 Altissimus
763 2175 820 2240 per
838 2159 998 2240 tempore
1032 2153 1186 2239 longiore
1231 2153 1356 2221 Datum
1377 2156 1468 2242 apud

420 2256 556 2332 Burton,
572 2277 673 2342 prope
690 2253 912 2336 Beverlecum‚
930 2253 1027 2341 xvij⁰.
1043 2256 1107 2321 kal.
1124 2255 1148 2321 J
1149 2255 1217 2337 ulii,
1233 2277 1321 2322 enno
1337 2257 1461 2323 Gretiae

417 2356 588 2421 millesimo
611 2357 840 2423 trecentesimo
864 2356 1116 2442 quintodecimo.

252 2578 333 2624 retur
341 2578 401 2625 ιιιι
418 2569 504 2624 nitere
523 2579 623 2640 recepta
638 2575 680 2641 [ι]
751 2561 831 2649 Ege,
842 2561 943 2628 freter
955 2561 1138 2649 Philippus,
1147 2562 1349 2630 ordinandus
1363 2562 1467 2629 abbas

251 2629 384 2774 Ξέιωῗιῖἕοιζιι
419 2639 522 2756 ueto.
477 2713 521 2758 et
515 2643 684 2760 'mfflss‘
717 2666 948 2730 canonieomm
963 2666 1007 2729 ad
1021 2664 1158 2730 titulum
1175 2664 1306 2732 Senotae
1315 2665 1466 2752 Agathos,

251 2781 470 2874 efflue..
464 2775 598 2838 ..patrie
717 2767 855 2852 promitt
857 2787 876 2831 o
891 2766 1136 2852 subjectionem,
1153 2772 1187 2832 et
1203 2769 1435 2834 reverentiam·
1443 2791 1464 2831 a

248 2841 351 2976 ἔξω
303 2843 389 2932 subige
419 2868 541 2934 sanctis
566 2869 717 2955 putribus
735 2869 959 2946 constitutam,
974 2874 1008 2935 et
1034 2869 1264 2948 obedientiam,
1287 2870 1465 2936 secundum

249 2933 377 3028 obicione.
419 2978 618 3058 praeceptum
660 2975 845 3037 sanctorum
887 2993 1057 3049 canonum,
1095 2972 1167 3054 tibi,
1204 2973 1293 3059 petri
1325 2972 1466 3038 Ricardo

418 3071 635 3139 Dunolmensi
661 3074 817 3160 episcope,
832 3073 903 3138 vice
927 3078 961 3139 et
983 3074 1115 3139 nomine
1133 3074 1330 3139 venerabilis
1351 3075 1466 3160 patris,

420 3174 545 3238 domini
566 3173 734 3252 Willelmi,
757 3175 821 3239 Dei
847 3175 964 3262 gratio,
986 3175 1201 3242 Eborecensis
1232 3177 1464 3264 archiepiscopi

418 3277 550 3362 Angliee
565 3277 724 3363 primatis,
739 3276 920 3363 recipienti,
935 3281 970 3343 ct
993 3277 1123 3344 Sanctae
1149 3279 1227 3344 Sedi
1249 3279 1464 3346 Eboracensis

417 3379 568 3458 eeclesiae,
584 3379 675 3444 selvo
697 3379 773 3464 jure
788 3379 914 3444 ordinis
937 3379 1009 3446 mei.
1055 3381 1101 3445 Et
1124 3381 1186 3446 hoc
1208 3381 1340 3468 pmprie
1363 3402 1465 3448 menn

417 3481 529 3546 scribo.

247 3708 354 3753 oerore
354 3710 389 3753 ιιι
418 3723 482 3804 [cer
482 3721 658 3790 ]„fl„„,i„m
728 3687 930 3752 Reverendae
957 3687 1086 3754 discret
1062 3689 1162 3754 tronis
1195 3689 1276 3771 viro,
1308 3690 1466 3777 magistro

247 3759 380 3904 ffb?
419 3790 569 3856 [ejucjuem.
680 3789 823 3855 Roberto
855 3787 976 3855 deceno
1009 3789 1150 3856 ecclesie
1177 3789 1401 3874 Eborecensis,
1424 3813 1462 3858 ao

247 3909 347 4005 tpmspid
415 3891 659 3964 venerabilis'
649 3915 686 3957 ιιι
719 3891 851 3958 Christo
899 3895 958 3978 pet
958 3892 1013 3968 ris,
1046 3892 1171 3958 domini
1203 3893 1369 3974 Wiilelmi,
1399 3895 1464 3960 Dei
1547 3893 1550 3897 ’

415 4006 491 4090 gret
491 4001 533 4078 ie,
475 3994 762 4066 tEborooensis
786 3993 1026 4081 archiepiscopi,
1050 3993 1183 4112 Apgliue
1205 3997 1365 4082 primatis,
1392 3998 1464 4084 ipso

415 4109 511 4170 extre
532 4122 627 4168 suem
660 4097 826 4165 dioecesim
858 4096 1031 4178 existente,
1062 4097 1186 4164 vicario
1220 4099 1373 4184 generali,
1406 4099 1465 4163 Ri-

301 4254 305 4262 .
416 4206 542 4286 cardus,
582 4201 794 4290 permissione
840 4198 963 4278 divine,
1002 4198 1235 4266 Dunolmensis
1285 4202 1462 4289 epiecopus,

416 4309 556 4374 sulutem
573 4305 610 4370 in
631 4303 838 4391 amplexibus
861 4301 1043 4366 salvatoris.
1090 4301 1218 4368 Literes
1233 4308 1366 4382 vestras,
1382 4323 1464 4391 quos

415 4410 510 4475 nobie
533 4407 685 4474 exhibuit
706 4405 876 4491 religiosus
907 4403 967 4484 vir,
991 4403 1093 4468 freter
1123 4404 1297 4492 Philippus
1318 4407 1359 4492 de
1389 4406 1464 4493 sig-

322 4571 325 4578 .
415 4511 548 4598 geston’,
564 4509 737 4574 cononicus
752 4505 944 4572 monasterii
966 4505 1007 4570 de
1030 4505 1153 4572 Sancto,
1174 4509 1316 4595 Agathe,
1339 4507 1465 4574 Ebora-

416 4612 521 4678 censis
543 4609 699 4689 dioecesis,
730 4609 854 4676 ordinis
886 4609 1218 4688 Praemonstretensis,
1249 4611 1286 4674 in
1307 4611 1463 4678 abbatem

415 4714 497 4780 dicti
526 4711 717 4778 monasterii
749 4711 869 4777 electus
901 4715 936 4778 et
970 4711 1189 4794 confirmatus,
1213 4712 1336 4780 tenoris
1357 4735 1465 4800 nuper
