3452 5702
497 826 699 878 nnursrsnu
721 825 922 880 rnmrnsuu
945 829 1187 882 nuunnunrsn
1301 815 1367 892 757

140 1020 302 1080 &Druse
322 1012 504 1083 Salvatore.
551 1015 635 1082 Cum
661 1017 703 1081 sd
737 1022 850 1103 partes
883 1019 924 1084 de
947 1017 1143 1086 Reveneser'
1170 1027 1205 1085 et
1238 1019 1363 1088 Berton
1391 1049 1513 1094 Annis

316 1136 416 1202 super
434 1117 582 1195 Humbr',
596 1139 656 1204 pro
671 1117 846 1198 frumento,
861 1119 983 1199 brusco,
1005 1120 1190 1206 praebende,
1206 1119 1306 1188 allece
1327 1109 1519 1204 et,¹,³,?,1'⁹}³,;„⁸'⁸,{„}¹

322 1217 496 1304 dogdrsve,
511 1223 546 1284 et
559 1219 633 1284 eliis
647 1221 846 1299 necessariis,
866 1243 925 1309 pro
939 1223 1094 1308 expensis
1109 1223 1244 1310 hospitii
1258 1225 1363 1290 nostri
1374 1211 1520 1304 ξξὲῗοῗω·

317 1320 538 1404 providendis,
561 1321 768 1408 Stephanum
791 1322 823 1387 le
849 1322 997 1390 'rafflour
1018 1324 1060 1391 de
1084 1324 1256 1390 Hoveden’
1278 1311 1524 1407 dux-ffif'ffi*

319 1419 439 1486 erimus
461 1423 705 1501 destinandum,
729 1424 980 1490 universitatem
1003 1431 1149 1491 vestram
1164 1427 1361 1512 requirimus
1373 1411 1489 1506 fflffl
1505 1463 1524 1506 ι,

316 1525 349 1584 et
371 1543 533 1608 rogamus,
555 1529 720 1610 quatenus
742 1525 847 1591 eidem
871 1525 1050 1613 Stephano,
1073 1527 1110 1592 in
1133 1527 1223 1594 diets
1252 1509 1483 1614 provi-md

313 1623 426 1688 dentis
447 1627 606 1705 faciende,
621 1648 680 1714 per
694 1648 753 1692 vos
768 1627 876 1694 eundo
890 1631 925 1693 et
941 1628 1098 1694 morundo
1121 1651 1187 1694 non
1210 1629 1361 1696 inferatis

312 1731 348 1794 in
362 1751 502 1818 persons
516 1729 570 1794 vel
584 1730 691 1806 rebus,
708 1730 874 1810 domnum,
890 1729 1082 1810 molestiam,
1098 1753 1155 1796 seu
1170 1753 1359 1816 grnvsmen.

313 1832 353 1897 In
374 1833 468 1918 cujus
489 1832 537 1896 rei
559 1830 794 1908 testimonium,
809 1831 955 1918 sigillum
977 1838 1126 1926 nostrum
1143 1833 1359 1918 praesentibus

313 1935 467 2000 duximus
498 1933 739 2020 apponendum.
785 1933 911 1998 Datum
956 1933 1044 2019 apud
1079 1934 1224 2013 Richeie‚
1262 1937 1359 2022 xxijo.

312 2037 364 2101 die
398 2035 518 2101 mensis
552 2033 761 2117 Novembris,
795 2054 883 2100 enno
914 2033 1051 2098 Domini
1084 2048 1288 2102 u⁰.cco0.xv⁰.
1326 2045 1360 2104 et

312 2135 567 2206 consecrationis
587 2139 711 2200 nostrae
734 2133 862 2218 quinto.

314 2383 582 2450 confirmationem
659 2333 829 2413 sicardus,
852 2333 1066 2419 permissione
1088 2334 1211 2414 divine,
1234 2335 1496 2410 Dunol-omflm

313 2450 582 2517 euenere„
614 2436 734 2500 mensis
761 2434 937 2521 episcopus,
965 2435 1084 2502 dilecto
1108 2436 1186 2512 suo,
1215 2436 1359 2502 socero
1372 2415 1506 2510 iustiti:

314 2517 426 2568 M⁶¹d⁰”·
614 2537 654 2602 de
677 2536 883 2622 Tympsron’,
907 2535 1031 2612 clerico,
1067 2536 1187 2602 rectori
1217 2537 1357 2603 ecclesiae
1370 2515 1490 2626 iiii-5¹⁸
1531 2537 1540 2558 ⁹

313 2635 353 2699 de
369 2635 511 2714 Meldon,
526 2642 646 2704 nostrae
661 2637 818 2717 dioecesis,
833 2637 983 2714 sulutem,
998 2639 1139 2723 gretiam
1155 2643 1189 2702 et
1203 2637 1355 2704 benedie-
1367 2620 1489 2710 sititis

313 2735 446 2802 tionem.
495 2738 581 2818 Quis
594 2761 708 2826 nuper,
724 2740 821 2804 certis
844 2739 885 2804 de
908 2739 1016 2804 causis
1038 2740 1242 2826 urgentibus,
1259 2745 1356 2806 extre
1368 2715 1468 2763 ΗΘΜ

310 2845 456 2904 nostram
489 2840 653 2906 dioecesim
689 2839 876 2926 profecturi,
911 2840 1069 2906 concessis
1110 2840 1172 2905 tibi
1203 2861 1262 2926 per
1297 2863 1357 2906 noe

310 2940 413 3006 literis
428 2941 648 3028 inquisitoriis
669 2963 767 3028 super
789 2941 964 3006 vocatione
984 2942 1125 3007 ecclesius
1147 2943 1188 3007 de
1204 2941 1356 3021 Meldon',

310 3041 465 3129 adquam
487 3044 583 3109 nobis
598 3066 657 3131 per
671 3044 839 3130 religiosos
854 3043 950 3120 viros,
966 3093 972 3107 .
998 3093 1005 3108 .
1028 3094 1036 3110 .
1058 3043 1209 3128 priorem,
1224 3049 1258 3108 et
1280 3065 1356 3108 con-

310 3150 446 3210 ventum
469 3145 612 3211 eeclesiae
634 3149 755 3211 nostrae
781 3144 1019 3222 Dunolmensis,
1034 3143 1178 3229 ejusdem
1194 3151 1357 3230 patronos,

310 3247 468 3312 extiteras
498 3252 725 3334 praesentstus,
749 3246 870 3312 dilecto
891 3245 961 3312 filio
985 3295 994 3310 .
1018 3299 1024 3312 .
1049 3297 1055 3312 .
1079 3246 1208 3311 officiali
1243 3259 1357 3312 nostro

309 3348 534 3428 Dunolmensi,
550 3373 608 3438 per
629 3354 760 3415 nostras
782 3348 862 3414 certi
884 3347 1010 3412 tenoris
1031 3346 1154 3425 literas,
1170 3347 1212 3410 sd
1236 3347 1357 3412 admit·

310 3453 449 3518 tendum
472 3457 515 3532 te,
551 3451 607 3516 vel
642 3455 885 3538 procuratorem
923 3453 1022 3512 tuum
1052 3454 1112 3513 tuo
1148 3448 1291 3526 nomine,
1321 3449 1357 3513 in

310 3559 440 3636 eventu,
465 3558 500 3618 et
533 3552 777 3618 instituendum
809 3551 845 3615 in
869 3549 992 3628 eedem,
1015 3569 1052 3612 ac
1085 3547 1262 3614 adomnia
1291 3549 1357 3614 eliu

266 3693 270 3700 ·
309 3655 497 3722 faciendum
519 3677 595 3740 quse
627 3654 663 3718 in
693 3654 756 3718 hec
789 3657 884 3738 perte
918 3651 1027 3716 forent
1057 3650 1247 3729 necessaria,
1269 3673 1356 3716 com·

311 3758 461 3822 misimus
504 3759 593 3822 vices
637 3759 791 3834 nostrns;
834 3753 901 3838 qui,
946 3751 1072 3818 virtute
1118 3753 1355 3819 commissionis

309 3863 433 3924 nostrae
466 3858 530 3923 sibi
563 3858 669 3936 fsctae,
701 3856 860 3942 inspecta.
882 3853 973 3940 prius
1009 3853 1226 3940 inquisitione
1257 3877 1356 3940 super

310 3961 381 4038 hoc,
397 3960 437 4025 de
458 3960 614 4025 mandato
636 3963 760 4035 nostro,
781 3957 878 4036 secte,
900 3961 934 4020 et
957 3954 1135 4040 diligenter
1157 3955 1354 4035 examinate,

310 4067 506 4147 servatoque
528 4083 679 4149 processu
699 4059 812 4125 debito
835 4058 870 4122 in
892 4057 954 4121 hoe
977 4077 1063 4134 essu,
1086 4061 1130 4132 te,
1152 4055 1189 4118 in
1219 4077 1356 4141 persone

308 4163 528 4255 procuratoris
541 4163 601 4242 tui,
616 4163 659 4228 ad
674 4162 797 4227 dictem
813 4157 980 4224 ecelesiam
999 4157 1040 4242 de
1056 4153 1198 4221 Meldon’
1212 4156 1355 4236 admisit,

309 4270 344 4332 et
366 4265 521 4330 canonice
552 4265 702 4329 instituit
724 4263 760 4327 in
795 4261 917 4339 eedem,
941 4257 1026 4322 sicut
1048 4279 1107 4343 per
1139 4256 1252 4322 literas
1282 4279 1356 4322 sues

306 4369 385 4434 inde
408 4367 471 4433 tibi
494 4367 606 4444 factas,
629 4365 739 4452 sigiilo
761 4359 972 4427 officialitatis
995 4358 1228 4422 Dunolmensis
1245 4359 1354 4446 signu·

305 4477 365 4552 tes,
388 4491 471 4556 quas
501 4467 713 4554 inspeximus,
744 4464 839 4550 plene
872 4464 987 4548 putet;
1025 4458 1185 4526 mandans
1207 4461 1354 4542 interius,

306 4577 345 4638 ut
359 4578 411 4638 est
425 4569 535 4651 morie,
559 4619 566 4633 .
590 4619 597 4634 .
622 4619 628 4633 .
653 4565 783 4632 officiali
798 4561 1018 4630 archidiaconi
1041 4561 1299 4641 Nerthumbriae‚
1314 4569 1353 4630 ut

306 4679 349 4753 te,
363 4674 418 4739 vel
439 4675 684 4758 procuratorem
707 4673 814 4742 tuum,
835 4664 872 4728 in
894 4663 1091 4751 corporalem
1116 4665 1349 4752 possessionem

307 4774 452 4862 praefetae
467 4771 609 4839 ecelesiae
631 4769 811 4850 induceret,
827 4769 861 4832 et
883 4765 1055 4832 inductum
1070 4765 1269 4841 defenderet,
1282 4764 1371 4829 vice·
