3524 5716
467 891 665 941 REGISTRUM
689 890 894 942 PALATINUM
917 893 1157 944 DUNELMENSE.
1250 884 1335 949 l2l9

112 1077 500 1144 an.n1›sc.a.coniaatione
522 1077 662 1165 publica,
686 1079 714 1143 si
737 1079 795 1164 qui
817 1099 851 1144 se
873 1079 998 1145 vellent
1020 1101 1183 1167 opponere
1216 1079 1253 1144 in
1274 1079 1336 1144 hac
1370 1089 1490 1134 altma-

289 1185 392 1265 parte,
407 1186 484 1267 post
497 1181 758 1266 expectationem
780 1180 944 1246 diutinam
967 1182 1099 1248 nemine
1121 1186 1337 1269 comparente,
1394 1153 1464 1197 Μ’

291 1282 411 1368 viaque
452 1283 701 1368 quibuscunque
738 1283 866 1369 aliquid
903 1283 1043 1348 ulterius
1072 1284 1124 1368 'in
1161 1283 1338 1369 praemissis

289 1383 475 1470 opponendi
510 1384 677 1470 praeclusa,
700 1405 758 1470 per
789 1382 957 1449 decretum
989 1385 1025 1448 in
1057 1405 1217 1471 processu,
1239 1388 1339 1471 prout

288 1485 358 1549 haec
390 1485 501 1549 omnia
533 1486 604 1572 ipso
636 1491 671 1550 et
703 1486 786 1550 actis
817 1505 925 1551 coram
959 1486 1190 1552 commissoriis
1217 1487 1339 1550 nostris

288 1587 411 1652 habitis
433 1588 471 1651 in
493 1588 555 1653 hac
577 1593 671 1674 parte
694 1587 871 1674 diligenter
898 1587 1062 1675 inspectis,
1087 1589 1232 1653 vidimus
1262 1608 1338 1652 con·

289 1689 397 1768 tineri,
420 1694 455 1754 et
478 1711 521 1754 ex
552 1689 600 1755 eis
634 1690 824 1776 collegimus
848 1690 1039 1769 evidenter;
1072 1689 1204 1756 demum
1236 1689 1338 1754 iidem

289 1795 504 1862 commissarii
527 1797 641 1876 nostri,
663 1795 819 1861 videlicet
842 1847 848 1862 .
882 1847 889 1862 .
914 1849 920 1863 .
943 1797 1103 1884 supprior,
1126 1802 1160 1862 et
1182 1796 1338 1883 magister

288 1901 450 1967 Ricardus
494 1901 662 1981 antedicti,
705 1901 794 1968 dioto
831 1901 991 1989 magistro
1028 1902 1191 1982 Johanne,
1226 1923 1339 1966 eorum

220 1993 223 2000 ¹
288 2003 420 2090 collega,
436 2004 581 2082 absente,
595 2009 793 2084 statuerunt,
810 2005 1008 2069 ordinarunt
1022 2009 1056 2069 et
1071 2004 1338 2091 pronunciamnt,

290 2126 389 2190 super
419 2106 508 2170 dicto
541 2105 683 2191 negotio,
717 2111 752 2170 et
782 2105 867 2170 illud
900 2104 1180 2192 contingentibus,
1203 2106 1239 2169 in
1278 2105 1339 2170 hac

289 2205 502 2271 forma2-In
525 2205 589 2271 Dei
611 2207 753 2283 nomine,
775 2208 891 2273 Amen
947 2207 1083 2273 Auditis
1106 2213 1141 2272 et
1162 2207 1339 2272 intellectis

290 2307 417 2372 meritis
439 2309 564 2394 negotii
587 2329 696 2373 coram
716 2308 813 2374 nobis
836 2360 843 2376 .
867 2362 874 2376 .
899 2361 905 2375 .
929 2309 1098 2395 suppriore
1114 2309 1340 2390 Dunolmensi,

292 2413 326 2475 et
348 2409 491 2475 Ricardo
514 2410 555 2476 de
570 2410 707 2497 Eryum,
732 2409 960 2497 praebendario
982 2411 1124 2476 eeclesiae
1141 2410 1335 2497 Langcestr’,

289 2511 528 2592 commissoriis,
552 2534 621 2578 una
654 2533 729 2579 oum
762 2513 919 2600 magistro
950 2513 1103 2578 dohanne
1138 2513 1179 2578 de
1213 2513 1337 2592 Insula,

288 2613 376 2698 juris
398 2612 506 2680 civilis
528 2614 715 2701 professore,
738 2616 966 2702 praebendario
997 2615 1142 2681 ecclesiae
1165 2614 1206 2680 de
1228 2615 1340 2680 Anke-

289 2715 389 2796 land',
413 2716 538 2803 collega
560 2722 682 2796 nostro,
705 2717 840 2800 absente
863 2722 897 2782 et
919 2717 1066 2804 legitime
1096 2721 1260 2796 excusate,
1283 2739 1343 2802 per

289 2818 511 2883 venerabilem
547 2825 684 2906 patrem,
711 2819 882 2884 dominum
906 2819 1095 2896 Ricardum,
1129 2818 1193 2884 Dei
1223 2819 1341 2905 gratia,

290 2919 548 2985 Dunolmensem
578 2920 777 3007 episcopum,
800 2921 837 2985 in
859 2919 920 2985 hac
942 2925 1035 3007 parte
1057 2919 1233 3006 deputatis,
1258 2923 1341 2987 moti

291 3043 333 3086 ex
356 3021 461 3087 officio
484 3027 599 3086 contra
621 3022 790 3108 religiosos
811 3021 901 3088 viros
924 3074 931 3088 .
966 3072 973 3088 .
1009 3074 1015 3088 .
1040 3022 1184 3108 priorem
1207 3029 1242 3088 et
1264 3045 1341 3089 con-

291 3129 428 3188 ventum
451 3123 679 3201 Karliolenses,
695 3123 861 3188 ecclesiam
877 3121 1097 3209 parochialem
1119 3124 1161 3190 de
1185 3124 1341 3212 Quiting·

291 3226 369 3290 ham
391 3226 428 3289 in
451 3247 530 3290 usus
552 3226 700 3312 proprios
722 3225 920 3303 obtinentes,
944 3247 1042 3311 super
1072 3227 1339 3312 appropriatione

290 3328 439 3412 ejusdem
461 3328 612 3407 ecelesia,
635 3334 670 3393 et
687 3327 763 3414 jure
793 3327 958 3393 retinendi
981 3328 1126 3408 eandem,
1151 3333 1186 3392 et
1207 3350 1340 3413 praeser-

291 3431 353 3494 tim
387 3430 599 3495 medietatem
630 3430 733 3516 ipsius
755 3429 907 3508 ecclesiae,
935 3450 1033 3516 quam
1056 3428 1165 3494 dictus
1187 3428 1341 3495 dominus

291 3530 460 3598 Johannes
483 3532 523 3597 de
547 3531 708 3623 Kirkeby,
731 3537 771 3596 ut
804 3536 911 3596 rector
943 3530 1097 3615 ejusdem,
1129 3527 1208 3594 olim
1230 3532 1342 3596 tenuit

292 3642 327 3698 et
348 3633 503 3722 possedit,
527 3639 562 3698 et
583 3654 690 3699 coram
716 3633 811 3698 nobis
834 3631 1036 3718 aliquamdiu
1070 3631 1198 3719 agitati,
1222 3654 1341 3718 propo·

294 3737 376 3816 sitis,
392 3735 559 3813 exhibitis,
576 3740 610 3800 et
625 3735 801 3821 productis,
817 3755 876 3820 per
890 3739 1017 3820 partem
1041 3733 1206 3799 dictorum
1228 3734 1341 3822 religi·

293 3858 431 3916 osorum,
446 3837 575 3903 rimatis
598 3843 632 3903 et
654 3837 782 3924 plenius
804 3835 982 3914 recensitis,
993 3835 1143 3922 jurisque
1167 3835 1282 3902 ordine
1304 3836 1341 3900 in

294 3940 447 4004 omnibus
486 3940 681 4016 observat03
719 3938 797 4026 quia
828 3959 896 4016 nos,
931 3937 1082 4024 supprior
1113 3942 1148 4002 et
1179 3937 1340 4002 Ricardus

292 4041 507 4107 commissarii
548 4042 729 4128 supradicti
769 4039 1027 4107 circumstantiis
1074 4039 1212 4126 singulis
1259 4061 1341 4126 pon·

292 4145 426 4223 deratis,
449 4143 637 4209 invenimus
659 4165 718 4230 per
740 4143 947 4230 probationes
978 4143 1056 4206 inde
1078 4141 1210 4207 habitas
1232 4161 1340 4206 coram

292 4244 398 4324 nobis,
426 4247 532 4333 ipsam
554 4246 731 4324 ecclesiam,
754 4249 789 4311 et
810 4249 985 4329 utramque
1008 4243 1218 4308 medietatem
1239 4242 1342 4327 ipsius

293 4349 444 4426 ecclesiae,
471 4371 513 4415 ex
542 4347 648 4414 causis
678 4347 915 4414 sufficientibus
937 4343 1154 4422 evidentibus,
1178 4343 1342 4422 videlicet,

292 4451 487 4517 necessitate
525 4456 559 4516 et
602 4450 757 4529 utilitate,
798 4447 995 4514 auctoritate
1033 4451 1068 4513 et
1105 4445 1342 4513 deliberatione

293 4558 499 4641 competente
530 4561 565 4619 et
597 4553 785 4629 sufficiente,
808 4572 936 4617 necnon
968 4549 1107 4616 solemni
1129 4553 1276 4616 tractatu
1308 4554 1342 4615 et

293 4656 452 4744 diligente
468 4657 526 4742 qui
548 4655 584 4720 in
600 4656 724 4721 talibus
747 4654 935 4740 requiritur,
958 4651 1269 4732 intervenientibus,
1285 4653 1343 4718 do·

292 4760 371 4825 bitis
405 4757 618 4845 temporibus,
642 4759 678 4824 in
712 4757 819 4826 forma
845 4757 940 4843 juris,
964 4756 1065 4823 fuisse
1088 4759 1123 4822 et
1146 4776 1213 4822 esse
1246 4755 1343 4820 dictis

1094 4877 1122 4925 u
1135 4861 1207 4924 nt
