3538 5712
374 826 459 890 1166
553 815 752 888 nnorsrsuu
774 837 972 888 rumnruu
995 837 1234 887 nurmunrsn.

225 1045 346 1090 annes.
374 1029 454 1094 dum
484 1035 519 1095 et
549 1030 730 1095 tenendum
765 1027 871 1093 eidem
895 1027 1072 1106 willelme,
1101 1014 1148 1092 ¹ad
1182 1033 1287 1094 totam
1318 1030 1424 1094 vitam
1438 1040 1597 1094 russas.

374 1152 476 1208 suam,
499 1132 540 1196 de
564 1132 658 1197 nobis
681 1137 716 1197 et
745 1130 982 1196 successoribus
1012 1130 1143 1210 nostris,
1167 1130 1277 1209 libere,
1300 1131 1424 1216 quiete,

374 1233 511 1320 integre,
545 1239 579 1298 et
602 1233 637 1296 in
670 1254 757 1318 paee,
783 1254 857 1297 cum
890 1232 1043 1297 omnibus
1065 1231 1284 1309 libertatibus,
1315 1233 1422 1318 cysin-

375 1337 505 1416 mentis,
536 1335 810 1422 approvamentis‚
834 1338 868 1399 et
897 1323 1116 1420 pertinentiis,
1149 1334 1248 1400 dictis
1275 1337 1421 1421 quinque

375 1438 458 1503 acris
480 1443 576 1502 eerrae
598 1437 795 1522 ubicumque
818 1439 852 1500 et
875 1435 1155 1521 qualitercumque
1177 1437 1422 1522 spectantibus3

375 1539 541 1604 reddendo
563 1538 641 1602 inde
663 1538 838 1603 annuatim
860 1537 954 1603 nobis
975 1543 1010 1602 et
1032 1537 1269 1603 successoribus
1292 1540 1420 1617 nostris,

375 1641 417 1706 ad
451 1639 645 1706 scaccarium
668 1646 816 1704 nostrum
847 1639 889 1704 de
919 1638 1100 1716 Hoveden’,
1122 1639 1204 1703 duos
1236 1639 1357 1704 solidos
1387 1647 1420 1704 et

376 1765 434 1807 sex
456 1742 615 1820 denarios,
639 1742 681 1806 ed
713 1746 856 1826 quatuor
887 1741 967 1805 enni
997 1741 1154 1806 terminos
1176 1741 1212 1806 in
1244 1741 1419 1808 Hoveden-

350 1844 461 1911 ‚shire
493 1845 697 1920 constitutos,
724 1865 782 1930 pro
814 1843 966 1909 omnibus
1000 1843 1153 1921 servitiis,
1176 1845 1420 1910 consuetudini·

375 1947 436 2011 bus
478 1952 512 2010 et
542 1946 732 2025 domandis3
766 1945 816 2010 ita
853 1943 950 2030 quod,
987 1951 1062 2030 post
1092 1951 1232 2010 mortem
1271 1947 1420 2032 praedicti

376 2047 541 2126 Willelmi,
564 2048 731 2134 praedictae
754 2047 899 2132 quinque
922 2067 1005 2112 soree
1027 2053 1134 2127 terme,
1157 2069 1231 2112 cum
1255 2049 1323 2112 suis
1349 2070 1419 2136 per-

374 2146 528 2215 tinentiis
544 2150 719 2236 praedictis,
741 2148 930 2213 Alexandro
952 2148 1022 2213 filio
1044 2146 1212 2226 willelmi,
1236 2149 1298 2213 filii
1321 2149 1419 2214 Alex·

375 2252 471 2318 andri
505 2251 546 2316 de
570 2250 660 2328 Olif',
693 2255 903 2327 remaneant3
943 2249 1122 2342 terrendum
1161 2255 1195 2314 et
1231 2250 1418 2338 habendum

375 2353 481 2418 eidem
512 2353 701 2418 Alexandro
724 2351 792 2416 filio
816 2350 983 2424 Willelmi,
1007 2356 1042 2416 et
1070 2351 1256 2416 haeredibus
1279 2353 1356 2433 suis,
1379 2354 1419 2418 de

375 2476 509 2540 corpore
543 2476 602 2520 suo
639 2454 786 2540 legitime
824 2453 1000 2540 procreatis
1034 2453 1088 2518 vel
1124 2454 1341 2538 procreandis,
1379 2456 1419 2520 de

375 2556 471 2620 nobis
503 2561 536 2620 et
568 2555 806 2622 successoribus
841 2554 972 2634 nostris,
1005 2576 1064 2640 per
1095 2555 1232 2620 servitia
1256 2556 1419 2642 praedicta,

375 2659 411 2720 in
439 2663 642 2744 perpetuum.
688 2657 733 2720 Et
771 2657 799 2720 si
837 2656 1009 2741 contingat
1045 2655 1153 2741 ipsum
1191 2655 1417 2722 Alexandrum

375 2759 480 2822 filium
504 2759 661 2824 Willelmi
696 2759 765 2824 sine
797 2758 927 2824 haerede
948 2758 990 2823 de
1023 2779 1155 2843 corpore
1187 2780 1245 2823 suo
1279 2765 1419 2824 exeunte

375 2861 475 2938 obire,
505 2862 671 2947 preedictae
693 2861 838 2945 quinque
868 2881 952 2925 acrae
975 2864 1081 2938 terrae,
1104 2881 1178 2926 cum
1210 2860 1418 2948 pertinentiis

375 2963 443 3027 suis
474 2963 648 3050 praedictis,
671 2961 818 3028 Waltero
848 2962 916 3026 filio
939 2961 1121 3028 Alexandri
1143 2963 1184 3026 de
1208 2962 1290 3028 Oliff
1315 2985 1420 3028 remo-

375 3069 497 3141 neent3
523 3064 704 3129 tenendum
727 3069 761 3128 et
784 3062 970 3128 habendum
994 3064 1058 3129 sibi
1081 3072 1116 3130 et
1130 3064 1319 3129 haeredibus
1341 3066 1418 3144 suis,

376 3167 416 3230 de
439 3188 570 3252 corpore
594 3187 652 3231 suo
674 3165 821 3252 legitime
848 3167 1035 3252 procreatis
1058 3166 1099 3230 de
1122 3167 1216 3231 nobis
1239 3173 1273 3231 et
1296 3189 1419 3232 sueces-

375 3268 503 3333 soribus
525 3267 657 3345 nostris,
675 3289 731 3353 per
746 3268 883 3332 servitia
905 3267 1071 3354 praedicta,
1087 3268 1123 3331 in
1137 3275 1343 3353 perpetuum.
1374 3269 1418 3334 Et

375 3371 403 3435 si
429 3369 601 3454 continget
631 3370 739 3454 ipsum
762 3369 946 3434 Wolterum
975 3369 1046 3433 sine
1076 3369 1204 3434 haerede
1226 3371 1266 3434 de
1289 3392 1419 3456 corpore

376 3477 600 3537 suoexeunte
623 3471 721 3546 obire,
753 3471 919 3557 prmdictae
942 3469 1088 3554 quinque
1118 3491 1201 3536 ecrae
1224 3477 1329 3548 terme,
1344 3494 1418 3537 cum

374 3573 583 3659 pertinentiis
614 3572 682 3636 suis
705 3571 880 3657 praedictis,
903 3571 1019 3636 Alieiae
1039 3577 1077 3635 et
1108 3571 1265 3650 Isubellae,
1288 3557 1418 3639 filiabris

373 3674 556 3739 Alexandri
570 3674 611 3738 de
627 3673 717 3755 dlis,
740 3679 950 3752 remaneant3
972 3672 1151 3737 tenendum
1175 3679 1208 3738 et
1231 3674 1417 3740 habendum

374 3777 437 3841 sibi
469 3781 503 3840 et
540 3775 725 3840 haeredibus
759 3775 800 3839 de
837 3773 1029 3860 corporibus
1063 3774 1131 3839 suis
1162 3776 1307 3862 legitime
1345 3799 1417 3862 pro-

235 3943 240 3951 ,
373 3878 500 3954 creatis,
533 3877 574 3941 de
604 3876 699 3941 nobis
721 3881 756 3941 et
787 3876 1023 3943 successoribus
1046 3877 1173 3956 nostris,
1196 3899 1254 3962 per
1283 3880 1419 3944 servitia

373 3977 570 4065 supradicta,
586 3977 622 4041 in
637 3983 838 4064 perpetuum.
886 3977 941 4042 Ita
962 3977 1060 4062 quod,
1076 3983 1151 4063 post
1173 3984 1309 4043 mortem
1335 4001 1417 4065 pree·

372 4075 536 4146 dictorum
566 4078 732 4156 willelmi,
761 4078 944 4144 Alexandri
982 4078 1043 4142 filii
1072 4078 1239 4156 Willelmi,
1271 4081 1416 4160 Walteri,

374 4188 408 4246 et
431 4180 546 4246 Aliciae
568 4185 603 4245 et
627 4180 784 4258 Isabellae,
806 4179 835 4244 si
857 4181 1029 4266 contingat
1066 4181 1153 4265 ipsos
1190 4181 1417 4247 Alexandrum

373 4283 476 4347 filium
502 4281 669 4362 Willelmi,
693 4279 885 4358 Walterum,
909 4282 1050 4347 Aliciem
1073 4289 1108 4346 et
1140 4281 1322 4360 Isebellem,
1347 4285 1418 4348 sine

372 4383 557 4448 haeredibus
588 4383 629 4447 de
666 4403 701 4448 se
734 4383 880 4468 legitime
915 4382 1091 4469 procreatis
1123 4383 1220 4460 obire,
1251 4385 1417 4468 praedietae

373 4486 519 4570 quinque
551 4506 634 4551 ecrae
656 4491 761 4565 terme,
785 4507 857 4549 cum
891 4485 959 4549 suis
980 4485 1198 4569 pertinentiis,
1229 4485 1271 4549 ed
1301 4507 1359 4551 nos
1383 4493 1417 4550 et

374 4609 570 4651 successores
600 4594 729 4652 nostros
758 4587 885 4672 integre
915 4591 1131 4652 revertantur.
1178 4587 1219 4650 In
1249 4572 1354 4672 cujus·
1369 4588 1417 4651 rei

372 4689 605 4766 testimonium,
629 4693 697 4752 tam
752 4688 895 4777 sigillum
937 4692 1095 4768 nostrum,
1133 4710 1231 4773 quam
1274 4689 1418 4777 sigillum
