<?xml version="1.0" encoding="UTF-8"?>
<!DOCTYPE html PUBLIC "-//W3C//DTD XHTML 1.0 Transitional//EN"
    "http://www.w3.org/TR/xhtml1/DTD/xhtml1-transitional.dtd">
<html xmlns="http://www.w3.org/1999/xhtml" xml:lang="en" lang="en">
 <head>
  <title>
</title>
<meta http-equiv="Content-Type" content="text/html;charset=utf-8" />
  <meta name='ocr-system' content='tesseract 3.04.00' />
  <meta name='ocr-capabilities' content='ocr_page ocr_carea ocr_par ocr_line ocrx_word'/>
</head>
<body>
  <div class='ocr_page' id='page_1' title='image "./registrumpalati00kellgoog_0130.png"; bbox 0 0 3452 5702; ppageno 0'>
   <div class='ocr_carea' id='block_1_1' title="bbox 391 783 1259 854">
    <p class='ocr_par' dir='ltr' id='par_1_1' title="bbox 391 783 1259 854">
     <span class='ocr_line' id='line_1_1' title="bbox 391 783 1259 854; baseline -0.014 0"><span class='ocrx_word' id='word_1_1' title='bbox 391 783 456 854; x_wconf 78' lang='lat'><strong>746</strong></span> <span class='ocrx_word' id='word_1_2' title='bbox 572 795 770 848; x_wconf 73' lang='lat' dir='ltr'><strong>araurem</strong></span> <span class='ocrx_word' id='word_1_3' title='bbox 792 793 995 846; x_wconf 74' lang='lat' dir='ltr'><strong>rmurmuu</strong></span> <span class='ocrx_word' id='word_1_4' title='bbox 1016 791 1259 844; x_wconf 72' lang='lat' dir='ltr'><strong>ommiumrsu</strong></span> 
     </span>
    </p>
   </div>
   <div class='ocr_carea' id='block_1_2' title="bbox 221 979 1612 1378">
    <p class='ocr_par' dir='ltr' id='par_1_2' title="bbox 221 979 1612 1378">
     <span class='ocr_line' id='line_1_2' title="bbox 238 979 1612 1070; baseline 0.003 -26"><span class='ocrx_word' id='word_1_5' title='bbox 238 993 362 1038; x_wconf 69' lang='lat' dir='ltr'><strong>alr-1³1⁵·</strong></span> <span class='ocrx_word' id='word_1_6' title='bbox 483 1048 489 1062; x_wconf 69' lang='grc'><strong>,</strong></span> <span class='ocrx_word' id='word_1_7' title='bbox 734 983 994 1063; x_wconf 83' lang='lat' dir='ltr'><strong>Memorandum,</strong></span> <span class='ocrx_word' id='word_1_8' title='bbox 1024 981 1123 1070; x_wconf 89' lang='lat' dir='ltr'><strong>quod,</strong></span> <span class='ocrx_word' id='word_1_9' title='bbox 1150 981 1274 1048; x_wconf 86' lang='lat' dir='ltr'><strong>eisdem</strong></span> <span class='ocrx_word' id='word_1_10' title='bbox 1313 979 1367 1046; x_wconf 87' lang='lat' dir='ltr'><strong>die</strong></span> <span class='ocrx_word' id='word_1_11' title='bbox 1405 983 1612 1055; x_wconf 69' lang='lat' dir='ltr'><strong>simmaea</strong></span> 
     </span>
     <span class='ocr_line' id='line_1_3' title="bbox 222 1051 1442 1168; baseline -0.001 -18"><span class='ocrx_word' id='word_1_12' title='bbox 222 1055 379 1167; x_wconf 46' lang='lat' dir='ltr'><strong>&amp;iiie-‘⁰&#39;</strong></span> <span class='ocrx_word' id='word_1_13' title='bbox 390 1051 507 1103; x_wconf 73' lang='lat' dir='ltr'><strong>mouere</strong></span> <span class='ocrx_word' id='word_1_14' title='bbox 518 1052 549 1104; x_wconf 66' lang='lat'><strong>‘¹⁰</strong></span> <span class='ocrx_word' id='word_1_15' title='bbox 560 1051 655 1152; x_wconf 63' lang='lat' dir='ltr'><strong>ouem</strong></span> <span class='ocrx_word' id='word_1_16' title='bbox 689 1107 786 1168; x_wconf 87' lang='lat' dir='ltr'><strong>aune,</strong></span> <span class='ocrx_word' id='word_1_17' title='bbox 801 1085 997 1152; x_wconf 83' lang='lat' dir='ltr'><strong>mundatum</strong></span> <span class='ocrx_word' id='word_1_18' title='bbox 1017 1085 1085 1150; x_wconf 84' lang='lat' dir='ltr'><strong>fuit</strong></span> <span class='ocrx_word' id='word_1_19' title='bbox 1104 1083 1331 1150; x_wconf 84' lang='lat' dir='ltr'><strong>archidiacono</strong></span> <span class='ocrx_word' id='word_1_20' title='bbox 1346 1083 1442 1149; x_wconf 90' lang='lat' dir='ltr'><strong>Dun-</strong></span> 
     </span>
     <span class='ocr_line' id='line_1_4' title="bbox 221 1158 1442 1276; baseline 0.002 -28"><span class='ocrx_word' id='word_1_21' title='bbox 221 1158 335 1254; x_wconf 53' lang='lat' dir='ltr'><strong>titii}</strong></span> <span class='ocrx_word' id='word_1_22' title='bbox 392 1186 540 1266; x_wconf 82' lang='lat' dir='ltr'><strong>otmensi,</strong></span> <span class='ocrx_word' id='word_1_23' title='bbox 563 1188 619 1256; x_wconf 88' lang='lat' dir='ltr'><strong>vel</strong></span> <span class='ocrx_word' id='word_1_24' title='bbox 644 1189 714 1276; x_wconf 89' lang='lat' dir='ltr'><strong>ejus</strong></span> <span class='ocrx_word' id='word_1_25' title='bbox 738 1189 876 1272; x_wconf 72' lang='lat' dir='ltr'><strong>officiati,</strong></span> <span class='ocrx_word' id='word_1_26' title='bbox 900 1187 990 1275; x_wconf 86' lang='lat' dir='ltr'><strong>quod</strong></span> <span class='ocrx_word' id='word_1_27' title='bbox 1019 1187 1189 1254; x_wconf 84' lang='lat' dir='ltr'><strong>induceret</strong></span> <span class='ocrx_word' id='word_1_28' title='bbox 1215 1209 1292 1255; x_wconf 89' lang='lat' dir='ltr'><strong>eum</strong></span> <span class='ocrx_word' id='word_1_29' title='bbox 1312 1187 1350 1250; x_wconf 93' lang='lat' dir='ltr'><strong>in</strong></span> <span class='ocrx_word' id='word_1_30' title='bbox 1372 1206 1442 1251; x_wconf 89' lang='lat' dir='ltr'><strong>cor·</strong></span> 
     </span>
     <span class='ocr_line' id='line_1_5' title="bbox 221 1256 1442 1378; baseline 0 -22"><span class='ocrx_word' id='word_1_31' title='bbox 221 1256 316 1304; x_wconf 55' lang='lat' dir='ltr'><strong>‘hm</strong></span> <span class='ocrx_word' id='word_1_32' title='bbox 391 1290 537 1376; x_wconf 85' lang='lat' dir='ltr'><strong>poralem</strong></span> <span class='ocrx_word' id='word_1_33' title='bbox 558 1290 794 1378; x_wconf 87' lang='lat' dir='ltr'><strong>possessionem</strong></span> <span class='ocrx_word' id='word_1_34' title='bbox 816 1291 915 1362; x_wconf 80' lang='lat' dir='ltr'><strong>diotae</strong></span> <span class='ocrx_word' id='word_1_35' title='bbox 929 1289 1070 1370; x_wconf 75' lang='lat' dir='ltr'><strong>vicaria,</strong></span> <span class='ocrx_word' id='word_1_36' title='bbox 1087 1295 1121 1356; x_wconf 89' lang='lat' dir='ltr'><strong>ot</strong></span> <span class='ocrx_word' id='word_1_37' title='bbox 1138 1289 1226 1377; x_wconf 89' lang='lat' dir='ltr'><strong>quod</strong></span> <span class='ocrx_word' id='word_1_38' title='bbox 1250 1288 1442 1356; x_wconf 84' lang='lat' dir='ltr'><strong>defenderet</strong></span> 
     </span>
    </p>
   </div>
   <div class='ocr_carea' id='block_1_3' title="bbox 390 1392 573 1464">
    <p class='ocr_par' dir='ltr' id='par_1_3' title="bbox 390 1392 573 1464">
     <span class='ocr_line' id='line_1_6' title="bbox 390 1392 573 1464; baseline 0.022 -4"><span class='ocrx_word' id='word_1_39' title='bbox 390 1392 573 1464; x_wconf 82' lang='lat' dir='ltr'><strong>inductum.</strong></span> 
     </span>
    </p>
   </div>
   <div class='ocr_carea' id='block_1_4' title="bbox 221 1598 1441 1840">
    <p class='ocr_par' dir='ltr' id='par_1_4' title="bbox 221 1598 1441 1840">
     <span class='ocr_line' id='line_1_7' title="bbox 221 1598 1441 1706; baseline 0.005 -46"><span class='ocrx_word' id='word_1_40' title='bbox 221 1610 374 1706; x_wconf 47' lang='lat' dir='ltr'><strong>ffitssuoe</strong></span> <span class='ocrx_word' id='word_1_41' title='bbox 391 1639 571 1704; x_wconf 71' lang='lat' dir='ltr'><strong>nequeuntis</strong></span> <span class='ocrx_word' id='word_1_42' title='bbox 588 1655 656 1692; x_wconf 79' lang='lat' dir='ltr'><strong>oom-</strong></span> <span class='ocrx_word' id='word_1_43' title='bbox 735 1599 910 1666; x_wconf 87' lang='lat' dir='ltr'><strong>Universis</strong></span> <span class='ocrx_word' id='word_1_44' title='bbox 941 1598 1067 1666; x_wconf 75' lang='lat' dir='ltr'><strong>Christi</strong></span> <span class='ocrx_word' id='word_1_45' title='bbox 1096 1599 1257 1679; x_wconf 83' lang='lat' dir='ltr'><strong>fidelibus,</strong></span> <span class='ocrx_word' id='word_1_46' title='bbox 1282 1599 1326 1664; x_wconf 88' lang='lat' dir='ltr'><strong>ad</strong></span> <span class='ocrx_word' id='word_1_47' title='bbox 1359 1619 1441 1686; x_wconf 89' lang='lat' dir='ltr'><strong>quos</strong></span> 
     </span>
     <span class='ocr_line' id='line_1_8' title="bbox 221 1702 1439 1840; baseline 0.003 -76"><span class='ocrx_word' id='word_1_48' title='bbox 221 1714 348 1808; x_wconf 46' lang='lat' dir='ltr'><strong>Quae</strong></span> <span class='ocrx_word' id='word_1_49' title='bbox 391 1706 587 1840; x_wconf 45' lang='lat' dir='ltr'><strong>&amp;efflari</strong></span> <span class='ocrx_word' id='word_1_50' title='bbox 626 1709 658 1758; x_wconf 80' lang='lat' dir='ltr'><strong>ue</strong></span> <span class='ocrx_word' id='word_1_51' title='bbox 691 1707 869 1791; x_wconf 83' lang='lat' dir='ltr'><strong>praesentes</strong></span> <span class='ocrx_word' id='word_1_52' title='bbox 891 1703 997 1790; x_wconf 78' lang='lat' dir='ltr'><strong>literae</strong></span> <span class='ocrx_word' id='word_1_53' title='bbox 1018 1702 1237 1792; x_wconf 78' lang='lat' dir='ltr'><strong>pervenerint,</strong></span> <span class='ocrx_word' id='word_1_54' title='bbox 1269 1702 1439 1781; x_wconf 83' lang='lat' dir='ltr'><strong>Ricardus,</strong></span> 
     </span>
    </p>
   </div>
   <div class='ocr_carea' id='block_1_5' title="bbox 222 1804 1440 1906">
    <p class='ocr_par' dir='ltr' id='par_1_5' title="bbox 222 1804 1440 1906">
     <span class='ocr_line' id='line_1_9' title="bbox 222 1804 1440 1906; baseline -0.002 -34"><span class='ocrx_word' id='word_1_55' title='bbox 222 1811 350 1906; x_wconf 48' lang='lat' dir='ltr'><strong>mik&amp;</strong></span> <span class='ocrx_word' id='word_1_56' title='bbox 691 1805 905 1893; x_wconf 80' lang='lat' dir='ltr'>permissione</span> <span class='ocrx_word' id='word_1_57' title='bbox 942 1805 1067 1888; x_wconf 87' lang='lat' dir='ltr'><strong>divina,</strong></span> <span class='ocrx_word' id='word_1_58' title='bbox 1102 1804 1334 1870; x_wconf 88' lang='lat' dir='ltr'><strong>Dunolmensis</strong></span> <span class='ocrx_word' id='word_1_59' title='bbox 1371 1805 1440 1892; x_wconf 88' lang='lat' dir='ltr'><strong>epi·</strong></span> 
     </span>
    </p>
   </div>
   <div class='ocr_carea' id='block_1_6' title="bbox 221 1907 1557 3842">
    <p class='ocr_par' dir='ltr' id='par_1_6' title="bbox 221 1907 1557 3842">
     <span class='ocr_line' id='line_1_10' title="bbox 221 1907 1440 2010; baseline -0.001 -37"><span class='ocrx_word' id='word_1_60' title='bbox 221 1912 377 2010; x_wconf 51' lang='lat' dir='ltr'><strong>{imm</strong></span> <span class='ocrx_word' id='word_1_61' title='bbox 392 1928 518 1995; x_wconf 86' lang='lat' dir='ltr'><strong>scopus,</strong></span> <span class='ocrx_word' id='word_1_62' title='bbox 550 1909 689 1974; x_wconf 72' lang='lat' dir='ltr'><strong>salutem</strong></span> <span class='ocrx_word' id='word_1_63' title='bbox 719 1908 757 1972; x_wconf 91' lang='lat' dir='ltr'><strong>in</strong></span> <span class='ocrx_word' id='word_1_64' title='bbox 790 1908 944 1976; x_wconf 89' lang='lat' dir='ltr'><strong>Domino.</strong></span> <span class='ocrx_word' id='word_1_65' title='bbox 1001 1907 1120 1974; x_wconf 85' lang='lat' dir='ltr'><strong>Sciatis</strong></span> <span class='ocrx_word' id='word_1_66' title='bbox 1151 1907 1240 1995; x_wconf 86' lang='lat' dir='ltr'><strong>quod</strong></span> <span class='ocrx_word' id='word_1_67' title='bbox 1272 1929 1346 1974; x_wconf 89' lang='lat' dir='ltr'><strong>cum</strong></span> <span class='ocrx_word' id='word_1_68' title='bbox 1379 1927 1440 1972; x_wconf 88' lang='lat' dir='ltr'><strong>nos</strong></span> 
     </span>
     <span class='ocr_line' id='line_1_11' title="bbox 391 2011 1439 2098; baseline -0.002 -20"><span class='ocrx_word' id='word_1_69' title='bbox 391 2015 537 2078; x_wconf 77' lang='lat' dir='ltr'><strong>castrum</strong></span> <span class='ocrx_word' id='word_1_70' title='bbox 559 2015 709 2078; x_wconf 88' lang='lat' dir='ltr'><strong>nostrum</strong></span> <span class='ocrx_word' id='word_1_71' title='bbox 732 2012 774 2077; x_wconf 89' lang='lat' dir='ltr'><strong>de</strong></span> <span class='ocrx_word' id='word_1_72' title='bbox 796 2011 954 2091; x_wconf 83' lang='lat' dir='ltr'><strong>Norbam,</strong></span> <span class='ocrx_word' id='word_1_73' title='bbox 969 2031 1044 2077; x_wconf 89' lang='lat' dir='ltr'><strong>cum</strong></span> <span class='ocrx_word' id='word_1_74' title='bbox 1059 2012 1126 2076; x_wconf 86' lang='lat' dir='ltr'><strong>suis</strong></span> <span class='ocrx_word' id='word_1_75' title='bbox 1149 2012 1367 2098; x_wconf 73' lang='lat' dir='ltr'><strong>pertinentiis,</strong></span> <span class='ocrx_word' id='word_1_76' title='bbox 1389 2011 1439 2076; x_wconf 89' lang='lat' dir='ltr'><strong>di-</strong></span> 
     </span>
     <span class='ocr_line' id='line_1_12' title="bbox 390 2112 1439 2197; baseline 0 -19"><span class='ocrx_word' id='word_1_77' title='bbox 390 2113 476 2180; x_wconf 86' lang='lat' dir='ltr'><strong>lecto</strong></span> <span class='ocrx_word' id='word_1_78' title='bbox 499 2118 534 2180; x_wconf 87' lang='lat' dir='ltr'><strong>et</strong></span> <span class='ocrx_word' id='word_1_79' title='bbox 556 2113 648 2180; x_wconf 90' lang='lat' dir='ltr'><strong>fideli</strong></span> <span class='ocrx_word' id='word_1_80' title='bbox 677 2118 790 2180; x_wconf 89' lang='lat' dir='ltr'><strong>nostro</strong></span> <span class='ocrx_word' id='word_1_81' title='bbox 813 2112 961 2197; x_wconf 81' lang='lat' dir='ltr'><strong>Waltero</strong></span> <span class='ocrx_word' id='word_1_82' title='bbox 982 2114 1024 2181; x_wconf 93' lang='lat' dir='ltr'><strong>de</strong></span> <span class='ocrx_word' id='word_1_83' title='bbox 1056 2113 1219 2180; x_wconf 84' lang='lat' dir='ltr'><strong>Gosewik’</strong></span> <span class='ocrx_word' id='word_1_84' title='bbox 1241 2114 1439 2180; x_wconf 88' lang='lat' dir='ltr'><strong>commiseri-</strong></span> 
     </span>
     <span class='ocr_line' id='line_1_13' title="bbox 390 2216 1557 2304; baseline 0.001 -23"><span class='ocrx_word' id='word_1_85' title='bbox 390 2237 464 2282; x_wconf 89' lang='lat' dir='ltr'><strong>mus</strong></span> <span class='ocrx_word' id='word_1_86' title='bbox 487 2217 746 2296; x_wconf 87' lang='lat' dir='ltr'><strong>custodiendum,</strong></span> <span class='ocrx_word' id='word_1_87' title='bbox 770 2218 820 2284; x_wconf 86' lang='lat' dir='ltr'><strong>ita</strong></span> <span class='ocrx_word' id='word_1_88' title='bbox 841 2216 929 2304; x_wconf 89' lang='lat' dir='ltr'><strong>quod</strong></span> <span class='ocrx_word' id='word_1_89' title='bbox 951 2218 993 2284; x_wconf 85' lang='lat' dir='ltr'><strong>de</strong></span> <span class='ocrx_word' id='word_1_90' title='bbox 1014 2218 1159 2284; x_wconf 85' lang='lat' dir='ltr'><strong>exitibus</strong></span> <span class='ocrx_word' id='word_1_91' title='bbox 1182 2217 1328 2304; x_wconf 86' lang='lat' dir='ltr'><strong>ejusdcm</strong></span> <span class='ocrx_word' id='word_1_92' title='bbox 1343 2217 1439 2283; x_wconf 89' lang='lat' dir='ltr'><strong>nobis</strong></span> <span class='ocrx_word' id='word_1_93' title='bbox 1544 2233 1557 2250; x_wconf 90' lang='lat'><strong>·</strong></span> 
     </span>
     <span class='ocr_line' id='line_1_14' title="bbox 391 2318 1437 2407; baseline 0 -23"><span class='ocrx_word' id='word_1_94' title='bbox 391 2321 612 2407; x_wconf 86' lang='lat' dir='ltr'><strong>responderet,</strong></span> <span class='ocrx_word' id='word_1_95' title='bbox 642 2319 730 2386; x_wconf 88' lang='lat' dir='ltr'><strong>idem</strong></span> <span class='ocrx_word' id='word_1_96' title='bbox 764 2318 941 2398; x_wconf 86' lang='lat' dir='ltr'><strong>Walterus,</strong></span> <span class='ocrx_word' id='word_1_97' title='bbox 974 2319 1028 2386; x_wconf 88' lang='lat' dir='ltr'><strong>die</strong></span> <span class='ocrx_word' id='word_1_98' title='bbox 1072 2319 1235 2397; x_wconf 81' lang='lat' dir='ltr'><strong>Mercurii,</strong></span> <span class='ocrx_word' id='word_1_99' title='bbox 1279 2332 1351 2387; x_wconf 79' lang='lat' dir='ltr'><strong>xv0.</strong></span> <span class='ocrx_word' id='word_1_100' title='bbox 1384 2319 1437 2384; x_wconf 90' lang='lat' dir='ltr'><strong>die</strong></span> 
     </span>
     <span class='ocr_line' id='line_1_15' title="bbox 391 2420 1439 2508; baseline -0.001 -21"><span class='ocrx_word' id='word_1_101' title='bbox 391 2420 544 2488; x_wconf 90' lang='lat' dir='ltr'><strong>Octobris</strong></span> <span class='ocrx_word' id='word_1_102' title='bbox 566 2443 654 2487; x_wconf 88' lang='lat' dir='ltr'><strong>anno</strong></span> <span class='ocrx_word' id='word_1_103' title='bbox 680 2421 817 2488; x_wconf 87' lang='lat' dir='ltr'><strong>Domini</strong></span> <span class='ocrx_word' id='word_1_104' title='bbox 847 2421 1021 2487; x_wconf 88' lang='lat' dir='ltr'><strong>millesimo</strong></span> <span class='ocrx_word' id='word_1_105' title='bbox 1043 2423 1273 2488; x_wconf 85' lang='lat' dir='ltr'><strong>trecentesimo</strong></span> <span class='ocrx_word' id='word_1_106' title='bbox 1306 2421 1439 2508; x_wconf 87' lang='lat' dir='ltr'><strong>quinto·</strong></span> 
     </span>
     <span class='ocr_line' id='line_1_16' title="bbox 390 2523 1439 2611; baseline 0 -23"><span class='ocrx_word' id='word_1_107' title='bbox 390 2523 523 2607; x_wconf 86' lang='lat' dir='ltr'><strong>decimo,</strong></span> <span class='ocrx_word' id='word_1_108' title='bbox 558 2526 748 2611; x_wconf 87' lang='lat' dir='ltr'><strong>compotum</strong></span> <span class='ocrx_word' id='word_1_109' title='bbox 781 2544 888 2604; x_wconf 88' lang='lat' dir='ltr'><strong>suum,</strong></span> <span class='ocrx_word' id='word_1_110' title='bbox 911 2524 1001 2611; x_wconf 88' lang='lat' dir='ltr'><strong>apud</strong></span> <span class='ocrx_word' id='word_1_111' title='bbox 1031 2523 1195 2603; x_wconf 85' lang='lat' dir='ltr'><strong>Stekton’,</strong></span> <span class='ocrx_word' id='word_1_112' title='bbox 1225 2523 1266 2589; x_wconf 87' lang='lat' dir='ltr'><strong>de</strong></span> <span class='ocrx_word' id='word_1_113' title='bbox 1287 2523 1439 2588; x_wconf 91' lang='lat' dir='ltr'><strong>omnibus</strong></span> 
     </span>
     <span class='ocr_line' id='line_1_17' title="bbox 389 2625 1439 2712; baseline -0.002 -22"><span class='ocrx_word' id='word_1_114' title='bbox 389 2626 538 2711; x_wconf 84' lang='lat' dir='ltr'><strong>receptis,</strong></span> <span class='ocrx_word' id='word_1_115' title='bbox 572 2625 663 2692; x_wconf 87' lang='lat' dir='ltr'><strong>misis</strong></span> <span class='ocrx_word' id='word_1_116' title='bbox 692 2629 727 2691; x_wconf 91' lang='lat' dir='ltr'><strong>et</strong></span> <span class='ocrx_word' id='word_1_117' title='bbox 757 2625 916 2712; x_wconf 82' lang='lat' dir='ltr'><strong>expensis,</strong></span> <span class='ocrx_word' id='word_1_118' title='bbox 948 2626 1074 2692; x_wconf 88' lang='lat' dir='ltr'><strong>dictum</strong></span> <span class='ocrx_word' id='word_1_119' title='bbox 1106 2631 1249 2692; x_wconf 88' lang='lat' dir='ltr'><strong>castrum</strong></span> <span class='ocrx_word' id='word_1_120' title='bbox 1282 2625 1439 2712; x_wconf 86' lang='lat' dir='ltr'><strong>qualiter·</strong></span> 
     </span>
     <span class='ocr_line' id='line_1_18' title="bbox 390 2726 1439 2815; baseline 0.002 -25"><span class='ocrx_word' id='word_1_121' title='bbox 390 2747 528 2812; x_wconf 88' lang='lat' dir='ltr'><strong>cumque</strong></span> <span class='ocrx_word' id='word_1_122' title='bbox 551 2726 775 2814; x_wconf 71' lang='lat' dir='ltr'><strong>tangentibus,</strong></span> <span class='ocrx_word' id='word_1_123' title='bbox 797 2732 832 2794; x_wconf 90' lang='lat' dir='ltr'><strong>et</strong></span> <span class='ocrx_word' id='word_1_124' title='bbox 855 2727 896 2793; x_wconf 92' lang='lat' dir='ltr'><strong>de</strong></span> <span class='ocrx_word' id='word_1_125' title='bbox 917 2733 997 2806; x_wconf 79' lang='lat' dir='ltr'><strong>¹toto</strong></span> <span class='ocrx_word' id='word_1_126' title='bbox 1018 2731 1167 2815; x_wconf 86' lang='lat' dir='ltr'><strong>tempora</strong></span> <span class='ocrx_word' id='word_1_127' title='bbox 1190 2749 1258 2806; x_wconf 91' lang='lat' dir='ltr'><strong>suo,</strong></span> <span class='ocrx_word' id='word_1_128' title='bbox 1279 2749 1345 2813; x_wconf 90' lang='lat' dir='ltr'><strong>quo</strong></span> <span class='ocrx_word' id='word_1_129' title='bbox 1367 2748 1439 2792; x_wconf 89' lang='lat' dir='ltr'><strong>ous-</strong></span> 
     </span>
     <span class='ocr_line' id='line_1_19' title="bbox 390 2827 1436 2910; baseline -0.002 -15"><span class='ocrx_word' id='word_1_130' title='bbox 390 2827 517 2895; x_wconf 87' lang='lat' dir='ltr'><strong>todiam</strong></span> <span class='ocrx_word' id='word_1_131' title='bbox 555 2829 637 2894; x_wconf 86' lang='lat' dir='ltr'><strong>dicti</strong></span> <span class='ocrx_word' id='word_1_132' title='bbox 667 2828 776 2909; x_wconf 79' lang='lat' dir='ltr'><strong>castri,</strong></span> <span class='ocrx_word' id='word_1_133' title='bbox 798 2851 841 2896; x_wconf 85' lang='lat' dir='ltr'><strong>ex</strong></span> <span class='ocrx_word' id='word_1_134' title='bbox 872 2831 1098 2896; x_wconf 81' lang='lat' dir='ltr'><strong>commissione</strong></span> <span class='ocrx_word' id='word_1_135' title='bbox 1130 2833 1253 2909; x_wconf 88' lang='lat' dir='ltr'><strong>nostre,</strong></span> <span class='ocrx_word' id='word_1_136' title='bbox 1275 2829 1436 2910; x_wconf 86' lang='lat' dir='ltr'><strong>habuerit,</strong></span> 
     </span>
     <span class='ocr_line' id='line_1_20' title="bbox 390 2931 1438 3018; baseline -0.001 -20"><span class='ocrx_word' id='word_1_137' title='bbox 390 2953 518 2998; x_wconf 86' lang='lat' dir='ltr'><strong>necnon</strong></span> <span class='ocrx_word' id='word_1_138' title='bbox 540 2935 575 2998; x_wconf 91' lang='lat' dir='ltr'><strong>et</strong></span> <span class='ocrx_word' id='word_1_139' title='bbox 606 2932 647 2997; x_wconf 93' lang='lat' dir='ltr'><strong>de</strong></span> <span class='ocrx_word' id='word_1_140' title='bbox 678 2931 831 2998; x_wconf 88' lang='lat' dir='ltr'><strong>omnibus</strong></span> <span class='ocrx_word' id='word_1_141' title='bbox 865 2933 938 2999; x_wconf 84' lang='lat' dir='ltr'><strong>aiiis</strong></span> <span class='ocrx_word' id='word_1_142' title='bbox 967 2933 1065 2998; x_wconf 87' lang='lat' dir='ltr'><strong>rebus</strong></span> <span class='ocrx_word' id='word_1_143' title='bbox 1097 2933 1187 2998; x_wconf 89' lang='lat' dir='ltr'><strong>inter</strong></span> <span class='ocrx_word' id='word_1_144' title='bbox 1216 2953 1278 2998; x_wconf 89' lang='lat' dir='ltr'><strong>nos</strong></span> <span class='ocrx_word' id='word_1_145' title='bbox 1299 2937 1334 2997; x_wconf 90' lang='lat' dir='ltr'><strong>et</strong></span> <span class='ocrx_word' id='word_1_146' title='bbox 1354 2953 1438 3018; x_wconf 84' lang='lat' dir='ltr'><strong>prae-</strong></span> 
     </span>
     <span class='ocr_line' id='line_1_21' title="bbox 390 3033 1437 3123; baseline 0.002 -25"><span class='ocrx_word' id='word_1_147' title='bbox 390 3033 498 3100; x_wconf 89' lang='lat' dir='ltr'><strong>fatum</strong></span> <span class='ocrx_word' id='word_1_148' title='bbox 534 3034 720 3102; x_wconf 87' lang='lat' dir='ltr'><strong>Walterum</strong></span> <span class='ocrx_word' id='word_1_149' title='bbox 757 3035 957 3122; x_wconf 74' lang='lat' dir='ltr'><strong>praehabitis,</strong></span> <span class='ocrx_word' id='word_1_150' title='bbox 989 3035 1085 3101; x_wconf 90' lang='lat' dir='ltr'><strong>nobis</strong></span> <span class='ocrx_word' id='word_1_151' title='bbox 1122 3035 1217 3123; x_wconf 87' lang='lat' dir='ltr'><strong>plene</strong></span> <span class='ocrx_word' id='word_1_152' title='bbox 1248 3034 1437 3112; x_wconf 83' lang='lat' dir='ltr'><strong>reddiderit,</strong></span> 
     </span>
     <span class='ocr_line' id='line_1_22' title="bbox 390 3136 1439 3223; baseline 0 -21"><span class='ocrx_word' id='word_1_153' title='bbox 390 3136 603 3223; x_wconf 82' lang='lat' dir='ltr'><strong>allocatisque</strong></span> <span class='ocrx_word' id='word_1_154' title='bbox 625 3137 731 3204; x_wconf 85' lang='lat' dir='ltr'><strong>cidem</strong></span> <span class='ocrx_word' id='word_1_155' title='bbox 761 3139 914 3204; x_wconf 85' lang='lat' dir='ltr'><strong>omnibus</strong></span> <span class='ocrx_word' id='word_1_156' title='bbox 943 3138 1046 3203; x_wconf 82' lang='lat' dir='ltr'><strong>firmis</strong></span> <span class='ocrx_word' id='word_1_157' title='bbox 1075 3137 1157 3203; x_wconf 85' lang='lat' dir='ltr'><strong>dicti</strong></span> <span class='ocrx_word' id='word_1_158' title='bbox 1179 3138 1288 3216; x_wconf 80' lang='lat' dir='ltr'><strong>castri,</strong></span> <span class='ocrx_word' id='word_1_159' title='bbox 1310 3137 1351 3203; x_wconf 89' lang='lat' dir='ltr'><strong>de</strong></span> <span class='ocrx_word' id='word_1_160' title='bbox 1372 3141 1439 3202; x_wconf 84' lang='lat' dir='ltr'><strong>ter·</strong></span> 
     </span>
     <span class='ocr_line' id='line_1_23' title="bbox 391 3239 1440 3327; baseline -0.003 -21"><span class='ocrx_word' id='word_1_161' title='bbox 391 3239 481 3306; x_wconf 90' lang='lat' dir='ltr'><strong>mino</strong></span> <span class='ocrx_word' id='word_1_162' title='bbox 503 3239 619 3306; x_wconf 79' lang='lat' dir='ltr'><strong>Sancti</strong></span> <span class='ocrx_word' id='word_1_163' title='bbox 642 3239 782 3306; x_wconf 83' lang='lat' dir='ltr'><strong>Martini</strong></span> <span class='ocrx_word' id='word_1_164' title='bbox 803 3239 840 3304; x_wconf 88' lang='lat' dir='ltr'><strong>in</strong></span> <span class='ocrx_word' id='word_1_165' title='bbox 863 3240 984 3308; x_wconf 85' lang='lat' dir='ltr'><strong>Hieme</strong></span> <span class='ocrx_word' id='word_1_166' title='bbox 1013 3241 1163 3327; x_wconf 81' lang='lat' dir='ltr'><strong>proximo</strong></span> <span class='ocrx_word' id='word_1_167' title='bbox 1185 3240 1307 3318; x_wconf 81' lang='lat' dir='ltr'><strong>futuro,</strong></span> <span class='ocrx_word' id='word_1_168' title='bbox 1329 3240 1440 3326; x_wconf 91' lang='lat' dir='ltr'><strong>ipsum</strong></span> 
     </span>
     <span class='ocr_line' id='line_1_24' title="bbox 392 3341 1439 3431; baseline -0.002 -24"><span class='ocrx_word' id='word_1_169' title='bbox 392 3342 433 3407; x_wconf 85' lang='lat' dir='ltr'><strong>de</strong></span> <span class='ocrx_word' id='word_1_170' title='bbox 471 3342 629 3408; x_wconf 88' lang='lat' dir='ltr'><strong>omnibus</strong></span> <span class='ocrx_word' id='word_1_171' title='bbox 665 3343 812 3430; x_wconf 87' lang='lat' dir='ltr'><strong>receptis,</strong></span> <span class='ocrx_word' id='word_1_172' title='bbox 845 3341 938 3408; x_wconf 86' lang='lat' dir='ltr'><strong>misis</strong></span> <span class='ocrx_word' id='word_1_173' title='bbox 968 3349 1003 3408; x_wconf 86' lang='lat' dir='ltr'><strong>ct</strong></span> <span class='ocrx_word' id='word_1_174' title='bbox 1033 3343 1194 3431; x_wconf 86' lang='lat' dir='ltr'><strong>expensis,</strong></span> <span class='ocrx_word' id='word_1_175' title='bbox 1216 3364 1321 3429; x_wconf 87' lang='lat' dir='ltr'><strong>usque</strong></span> <span class='ocrx_word' id='word_1_176' title='bbox 1351 3342 1439 3406; x_wconf 90' lang='lat' dir='ltr'><strong>diem</strong></span> 
     </span>
     <span class='ocr_line' id='line_1_25' title="bbox 393 3443 1439 3534; baseline 0.001 -23"><span class='ocrx_word' id='word_1_177' title='bbox 393 3443 606 3512; x_wconf 88' lang='lat' dir='ltr'><strong>confectionis</strong></span> <span class='ocrx_word' id='word_1_178' title='bbox 621 3447 843 3533; x_wconf 83' lang='lat' dir='ltr'><strong>praesentium,</strong></span> <span class='ocrx_word' id='word_1_179' title='bbox 859 3446 1010 3532; x_wconf 91' lang='lat' dir='ltr'><strong>quietum</strong></span> <span class='ocrx_word' id='word_1_180' title='bbox 1025 3445 1163 3512; x_wconf 78' lang='lat' dir='ltr'><strong>fecimus</strong></span> <span class='ocrx_word' id='word_1_181' title='bbox 1177 3467 1236 3534; x_wconf 86' lang='lat' dir='ltr'><strong>per</strong></span> <span class='ocrx_word' id='word_1_182' title='bbox 1254 3449 1439 3532; x_wconf 83' lang='lat' dir='ltr'><strong>praescntes.</strong></span> 
     </span>
     <span class='ocr_line' id='line_1_26' title="bbox 389 3547 1439 3637; baseline 0.002 -26"><span class='ocrx_word' id='word_1_183' title='bbox 389 3547 431 3611; x_wconf 93' lang='lat' dir='ltr'><strong>In</strong></span> <span class='ocrx_word' id='word_1_184' title='bbox 453 3549 546 3633; x_wconf 87' lang='lat' dir='ltr'><strong>cujus</strong></span> <span class='ocrx_word' id='word_1_185' title='bbox 567 3547 616 3615; x_wconf 87' lang='lat' dir='ltr'><strong>rei</strong></span> <span class='ocrx_word' id='word_1_186' title='bbox 631 3550 867 3628; x_wconf 82' lang='lat' dir='ltr'><strong>testimonium,</strong></span> <span class='ocrx_word' id='word_1_187' title='bbox 889 3547 1036 3636; x_wconf 77' lang='lat' dir='ltr'><strong>sigilium</strong></span> <span class='ocrx_word' id='word_1_188' title='bbox 1049 3553 1200 3614; x_wconf 90' lang='lat' dir='ltr'><strong>nostrum</strong></span> <span class='ocrx_word' id='word_1_189' title='bbox 1221 3548 1439 3637; x_wconf 71' lang='lat' dir='ltr'><strong>presentibus</strong></span> 
     </span>
     <span class='ocr_line' id='line_1_27' title="bbox 390 3651 1439 3739; baseline 0.004 -27"><span class='ocrx_word' id='word_1_190' title='bbox 390 3652 441 3713; x_wconf 88' lang='lat' dir='ltr'><strong>eet</strong></span> <span class='ocrx_word' id='word_1_191' title='bbox 475 3672 665 3736; x_wconf 88' lang='lat' dir='ltr'><strong>appensum.</strong></span> <span class='ocrx_word' id='word_1_192' title='bbox 721 3651 848 3717; x_wconf 87' lang='lat' dir='ltr'><strong>Datum</strong></span> <span class='ocrx_word' id='word_1_193' title='bbox 882 3652 971 3739; x_wconf 89' lang='lat' dir='ltr'><strong>apud</strong></span> <span class='ocrx_word' id='word_1_194' title='bbox 1008 3651 1170 3733; x_wconf 84' lang='lat' dir='ltr'><strong>Stekton&#39;,</strong></span> <span class='ocrx_word' id='word_1_195' title='bbox 1202 3652 1255 3718; x_wconf 90' lang='lat' dir='ltr'><strong>die</strong></span> <span class='ocrx_word' id='word_1_196' title='bbox 1286 3656 1321 3717; x_wconf 87' lang='lat' dir='ltr'><strong>et</strong></span> <span class='ocrx_word' id='word_1_197' title='bbox 1351 3671 1439 3718; x_wconf 89' lang='lat' dir='ltr'><strong>anno</strong></span> 
     </span>
     <span class='ocr_line' id='line_1_28' title="bbox 390 3752 1329 3842; baseline 0.005 -28"><span class='ocrx_word' id='word_1_198' title='bbox 390 3752 596 3837; x_wconf 84' lang='lat' dir='ltr'><strong>supradietis,</strong></span> <span class='ocrx_word' id='word_1_199' title='bbox 617 3757 652 3818; x_wconf 87' lang='lat' dir='ltr'><strong>et</strong></span> <span class='ocrx_word' id='word_1_200' title='bbox 674 3753 926 3820; x_wconf 85' lang='lat' dir='ltr'><strong>consecrationis</strong></span> <span class='ocrx_word' id='word_1_201' title='bbox 948 3757 1070 3821; x_wconf 75' lang='lat' dir='ltr'><strong>nostra</strong></span> <span class='ocrx_word' id='word_1_202' title='bbox 1092 3771 1179 3821; x_wconf 83' lang='lat' dir='ltr'><strong>anno</strong></span> <span class='ocrx_word' id='word_1_203' title='bbox 1202 3755 1329 3842; x_wconf 90' lang='lat' dir='ltr'><strong>quinto.</strong></span> 
     </span>
    </p>
   </div>
   <div class='ocr_carea' id='block_1_7' title="bbox 388 3959 1439 4759">
    <p class='ocr_par' dir='ltr' id='par_1_7' title="bbox 388 3959 1439 4759">
     <span class='ocr_line' id='line_1_29' title="bbox 388 3959 1439 4150; baseline 0.009 -33"><span class='ocrx_word' id='word_1_204' title='bbox 388 3997 589 4119; x_wconf 54' lang='lat' dir='ltr'><strong>iiaiieiimii</strong></span> <span class='ocrx_word' id='word_1_205' title='bbox 622 3960 790 4143; x_wconf 57' lang='lat' dir='ltr'><strong>Riiziiiii,</strong></span> <span class='ocrx_word' id='word_1_206' title='bbox 807 3959 1439 4150; x_wconf 48' lang='lat' dir='ltr'><strong>[iiiiiiislioriciriiiinsitiisssuriilfficiiiiii</strong></span> 
     </span>
     <span class='ocr_line' id='line_1_30' title="bbox 390 4133 1439 4253; baseline -0.004 -22"><span class='ocrx_word' id='word_1_207' title='bbox 390 4133 531 4201; x_wconf 73' lang='lat' dir='ltr'><strong>eosewyk’.</strong></span> <span class='ocrx_word' id='word_1_208' title='bbox 621 4167 798 4253; x_wconf 85' lang='lat' dir='ltr'><strong>episcopus,</strong></span> <span class='ocrx_word' id='word_1_209' title='bbox 822 4169 982 4245; x_wconf 91' lang='lat' dir='ltr'><strong>tenemur,</strong></span> <span class='ocrx_word' id='word_1_210' title='bbox 1005 4169 1040 4232; x_wconf 90' lang='lat' dir='ltr'><strong>et</strong></span> <span class='ocrx_word' id='word_1_211' title='bbox 1062 4187 1120 4252; x_wconf 90' lang='lat' dir='ltr'><strong>pcr</strong></span> <span class='ocrx_word' id='word_1_212' title='bbox 1148 4169 1327 4253; x_wconf 86' lang='lat' dir='ltr'><strong>praesentee</strong></span> <span class='ocrx_word' id='word_1_213' title='bbox 1358 4165 1439 4230; x_wconf 93' lang='lat' dir='ltr'><strong>obli·</strong></span> 
     </span>
     <span class='ocr_line' id='line_1_31' title="bbox 388 4266 1439 4356; baseline -0.002 -22"><span class='ocrx_word' id='word_1_214' title='bbox 388 4290 516 4356; x_wconf 85' lang='lat' dir='ltr'><strong>gamur,</strong></span> <span class='ocrx_word' id='word_1_215' title='bbox 547 4269 665 4336; x_wconf 84' lang='lat' dir='ltr'><strong>dilecto</strong></span> <span class='ocrx_word' id='word_1_216' title='bbox 699 4267 793 4339; x_wconf 89' lang='lat' dir='ltr'><strong>nobis</strong></span> <span class='ocrx_word' id='word_1_217' title='bbox 824 4268 970 4334; x_wconf 87' lang='lat' dir='ltr'><strong>Waltero</strong></span> <span class='ocrx_word' id='word_1_218' title='bbox 1001 4267 1044 4333; x_wconf 89' lang='lat' dir='ltr'><strong>de</strong></span> <span class='ocrx_word' id='word_1_219' title='bbox 1078 4267 1249 4349; x_wconf 83' lang='lat' dir='ltr'><strong>Gosewik&#39;,</strong></span> <span class='ocrx_word' id='word_1_220' title='bbox 1279 4266 1316 4331; x_wconf 90' lang='lat' dir='ltr'><strong>in</strong></span> <span class='ocrx_word' id='word_1_221' title='bbox 1349 4266 1439 4332; x_wconf 83' lang='lat' dir='ltr'><strong>mille</strong></span> 
     </span>
     <span class='ocr_line' id='line_1_32' title="bbox 389 4369 1438 4459; baseline -0.003 -21"><span class='ocrx_word' id='word_1_222' title='bbox 389 4373 483 4439; x_wconf 90' lang='lat' dir='ltr'><strong>librie</strong></span> <span class='ocrx_word' id='word_1_223' title='bbox 505 4372 747 4459; x_wconf 79' lang='lat' dir='ltr'><strong>sterlingorum,</strong></span> <span class='ocrx_word' id='word_1_224' title='bbox 772 4391 852 4458; x_wconf 83' lang='lat' dir='ltr'><strong>quas</strong></span> <span class='ocrx_word' id='word_1_225' title='bbox 881 4374 999 4436; x_wconf 90' lang='lat' dir='ltr'><strong>mutuo</strong></span> <span class='ocrx_word' id='word_1_226' title='bbox 1021 4371 1065 4436; x_wconf 88' lang='lat' dir='ltr'><strong>ab</strong></span> <span class='ocrx_word' id='word_1_227' title='bbox 1090 4392 1128 4436; x_wconf 87' lang='lat' dir='ltr'><strong>eo</strong></span> <span class='ocrx_word' id='word_1_228' title='bbox 1160 4369 1349 4458; x_wconf 86' lang='lat' dir='ltr'><strong>recepimus,</strong></span> <span class='ocrx_word' id='word_1_229' title='bbox 1379 4391 1438 4458; x_wconf 91' lang='lat' dir='ltr'><strong>pro</strong></span> 
     </span>
     <span class='ocr_line' id='line_1_33' title="bbox 390 4472 1439 4555; baseline -0.002 -16"><span class='ocrx_word' id='word_1_230' title='bbox 390 4475 539 4541; x_wconf 87' lang='lat' dir='ltr'><strong>utilitate</strong></span> <span class='ocrx_word' id='word_1_231' title='bbox 561 4475 703 4541; x_wconf 75' lang='lat' dir='ltr'><strong>ecclesias</strong></span> <span class='ocrx_word' id='word_1_232' title='bbox 725 4479 847 4541; x_wconf 84' lang='lat' dir='ltr'><strong>nostrae</strong></span> <span class='ocrx_word' id='word_1_233' title='bbox 869 4472 1102 4541; x_wconf 89' lang='lat' dir='ltr'><strong>Dunolmensis</strong></span> <span class='ocrx_word' id='word_1_234' title='bbox 1113 4498 1122 4555; x_wconf 91' lang='lat'>;</span> <span class='ocrx_word' id='word_1_235' title='bbox 1145 4473 1310 4540; x_wconf 85' lang='lat' dir='ltr'><strong>solvendis</strong></span> <span class='ocrx_word' id='word_1_236' title='bbox 1332 4474 1439 4539; x_wconf 86' lang='lat' dir='ltr'><strong>cidem</strong></span> 
     </span>
     <span class='ocr_line' id='line_1_34' title="bbox 389 4575 1438 4664; baseline -0.002 -21"><span class='ocrx_word' id='word_1_237' title='bbox 389 4577 478 4664; x_wconf 89' lang='lat' dir='ltr'><strong>apud</strong></span> <span class='ocrx_word' id='word_1_238' title='bbox 507 4576 732 4658; x_wconf 83' lang='lat' dir='ltr'><strong>Dunolmum3</strong></span> <span class='ocrx_word' id='word_1_239' title='bbox 753 4577 915 4657; x_wconf 84' lang='lat' dir='ltr'><strong>videlicet,</strong></span> <span class='ocrx_word' id='word_1_240' title='bbox 947 4577 989 4644; x_wconf 85' lang='lat' dir='ltr'><strong>ud</strong></span> <span class='ocrx_word' id='word_1_241' title='bbox 1010 4579 1131 4644; x_wconf 84' lang='lat' dir='ltr'><strong>festum</strong></span> <span class='ocrx_word' id='word_1_242' title='bbox 1161 4575 1276 4644; x_wconf 85' lang='lat' dir='ltr'><strong>Sancti</strong></span> <span class='ocrx_word' id='word_1_243' title='bbox 1299 4577 1438 4644; x_wconf 86' lang='lat' dir='ltr'><strong>Martini</strong></span> 
     </span>
     <span class='ocr_line' id='line_1_35' title="bbox 388 4678 1439 4759; baseline 0.001 -13"><span class='ocrx_word' id='word_1_244' title='bbox 388 4681 426 4746; x_wconf 91' lang='lat' dir='ltr'><strong>in</strong></span> <span class='ocrx_word' id='word_1_245' title='bbox 448 4678 575 4759; x_wconf 87' lang='lat' dir='ltr'><strong>Hieme,</strong></span> <span class='ocrx_word' id='word_1_246' title='bbox 597 4699 684 4746; x_wconf 83' lang='lat' dir='ltr'><strong>anno</strong></span> <span class='ocrx_word' id='word_1_247' title='bbox 711 4679 848 4746; x_wconf 89' lang='lat' dir='ltr'><strong>Domini</strong></span> <span class='ocrx_word' id='word_1_248' title='bbox 877 4679 1049 4748; x_wconf 79' lang='lat' dir='ltr'><strong>mfflesimo</strong></span> <span class='ocrx_word' id='word_1_249' title='bbox 1078 4679 1307 4748; x_wconf 85' lang='lat' dir='ltr'><strong>trecentesimo</strong></span> <span class='ocrx_word' id='word_1_250' title='bbox 1330 4685 1439 4747; x_wconf 87' lang='lat' dir='ltr'><strong>sexto-</strong></span> 
     </span>
    </p>
   </div>
   <div class='ocr_carea' id='block_1_8' title="bbox 0 0 1730 5702">
    <p class='ocr_par' dir='ltr' id='par_1_8' title="bbox 0 0 1730 5702">
     <span class='ocr_line' id='line_1_36' title="bbox 0 0 1730 5702; baseline 0 0"><span class='ocrx_word' id='word_1_251' title='bbox 0 0 1730 5702; x_wconf 95' lang='lat' dir='ltr'><strong> </strong></span> 
     </span>
    </p>
   </div>
  </div>
 </body>
</html>
