3562 5714
518 814 719 868 assrsrauu
742 814 946 869 amurmuu
967 817 1206 872 nuunmuusn.
1325 802 1388 876 971

170 1004 326 1060 moruus.
339 1021 481 1074 Manum
490 1021 564 1074 istius
575 1022 658 1076 brevia
690 991 868 1060 liberatum
890 994 966 1077 fuit,
980 995 1070 1082 quod
1085 995 1169 1062 illud
1192 995 1310 1084 exequi
1324 1017 1392 1064 non
1423 1009 1544 1057 amun.

339 1097 466 1168 quaretur
488 1089 561 1151 infra,
583 1091 658 1169 ῒθηξο
691 1095 854 1184 potuistis.
880 1095 948 1163 ·Et
969 1099 1150 1166 remittatis
1164 1099 1213 1166 ibi
1228 1104 1309 1164 tunc
1329 1099 1392 1166 hoc

338 1157 568 1290 ξζξοᾋοῖᾚῗι
584 1163 658 1276 Ἣ
690 1198 798 1264 breve.
837 1198 944 1279 Teste,
968 1199 1019 1266 W.
1042 1202 1083 1267 de
1106 1200 1280 1289 Norwyce,
1303 1204 1392 1289 apud

343 1291 443 1352 ¹⁹⁵b)·
691 1300 1030 1384 westmonasterium,
1061 1326 1148 1370 anno
1170 1306 1265 1391 regni
1287 1304 1393 1370 nostri

340 1403 488 1490 septime.
532 1403 596 1468 Per
618 1404 782 1490 quendam
804 1405 949 1470 rotulum
972 1405 1014 1470 de
1036 1407 1207 1494 arreragiis
1227 1406 1393 1493 praedictis

340 1505 517 1572 liberatum
540 1506 583 1571 ad
606 1505 820 1585 scaccarium,
838 1528 936 1594 super
958 1513 1108 1595 compoto
1128 1509 1305 1575 eorundem
1327 1507 1392 1574 col-

339 1607 499 1673 lectorum
521 1608 562 1674 de
578 1608 822 1695 quintadecima
844 1610 1217 1695 praedicta-Quocirca
1231 1610 1335 1692 vobis,
1352 1609 1393 1676 de

340 1708 432 1794 eujus
469 1710 756 1796 circumspectione
778 1710 932 1778 fiduciam
963 1713 1107 1800 gerimus
1137 1712 1319 1800 specialem,
1351 1710 1395 1778 ad

341 1814 570 1898 exequendum
592 1813 717 1910 dictum
732 1814 934 1894 mandatum,
953 1815 1054 1900 juxta
1075 1816 1178 1902 ipsius
1199 1816 1338 1880 formem
1361 1819 1395 1880 et

342 1915 505 1996 effectum,
519 1916 607 1981 vices
630 1920 758 1982 nostras
772 1917 1008 1996 committimus,
1022 1939 1097 1983 cum
1119 1918 1293 2004 cujuslibet
1309 1939 1395 1984 coer·

341 2017 444 2084 cionis
465 2019 631 2086 canonica
653 2023 825 2106 potestate.
872 2019 978 2106 Super
999 2019 1064 2085 hiis
1086 2041 1164 2086 vero
1180 2041 1254 2106 quae
1276 2019 1312 2083 in
1335 2019 1396 2084 hac

340 2127 435 2206 parto
456 2121 608 2199 feceritis,
631 2143 692 2187 nos
726 2120 903 2188 certificare
937 2122 1059 2186 curetis
1089 2121 1170 2186 adeo
1193 2120 1397 2208 tempestive,

342 2224 430 2309 quod
467 2224 567 2288 breve
605 2222 811 2310 praedictum,
835 2223 878 2288 ad
900 2222 989 2288 diem
1020 2223 1057 2288 in
1089 2223 1162 2309 ipso
1195 2228 1396 2306 contentum,

341 2326 504 2412 possimus
527 2325 638 2391 debite
660 2330 838 2390 retornare.
882 2325 1008 2391 Valete.
1055 2324 1182 2392 Datum
1204 2327 1292 2412 apud
1307 2325 1397 2391 Wol-

344 2427 504 2515 singham,
519 2427 617 2514 xxijo.
641 2427 695 2493 die
717 2427 925 2506 Novembris
946 2427 1161 2514 pontificatus
1182 2427 1287 2495 nostri
1309 2449 1396 2495 anno

343 2529 453 2595 tertio.

390 2671 511 2738 Brevia
531 2671 618 2758 regis
633 2670 876 2757 subsequentia,
894 2672 934 2738 de
957 2671 1099 2738 termino
1123 2671 1237 2740 Sancti
1254 2671 1398 2750 Hillarii,

345 2797 433 2842 anno
454 2775 591 2841 Domini
614 2773 786 2840 millesimo
810 2773 973 2860 ecc⁰.xiij⁰.

720 2927 914 3006 Edwardus,
937 2927 1001 2994 Dei
1032 2927 1152 3016 gratia,
1174 2951 1233 2994 rex
1255 2927 1395 3020 anglia,
1408 2935 1541 3032 Qkoipeb

344 2975 428 3026 Breve
445 2979 534 3024 conus
550 2971 643 3038 magis·

344 3049 412 3091 uum
428 3041 590 3104 Resupnum
612 3041 643 3088 de
676 3030 828 3096 dominus
864 3029 1075 3118 [Hiberniae],
1114 3035 1149 3097 et
1182 3031 1253 3097 dux
1290 3032 1394 3118 Aqui·
1410 3037 1538 3098 “new

344 3104 643 3166 Holebeeh’3uisuiedo.
676 3134 786 3214 taniae,
825 3133 1007 3199 venerabili
1051 3135 1089 3199 in
1127 3133 1261 3201 Christo
1298 3135 1394 3226 petri,
1407 3090 1535 3236 ffip·

346 3241 495 3320 Ricardo,
519 3240 632 3306 eadem
664 3238 778 3326 gratia,
809 3235 1028 3303 Dunolmensi
1063 3236 1221 3324 episcopo,
1244 3237 1394 3303 salutem.

345 3344 542 3409 Mandemus
557 3341 661 3419 vobis,
684 3341 771 3406 sicut
792 3337 914 3425 pluries
929 3337 1024 3403 vobis
1046 3339 1285 3418 mandavimus,
1309 3339 1397 3425 quod

346 3447 524 3533 distringas
546 3444 741 3530 magistrum
772 3438 985 3526 Redulphum
1009 3442 1049 3504 de
1073 3439 1269 3522 Holebecha,
1292 3463 1396 3506 unum

346 3555 559 3617 executurum
592 3542 784 3611 testamenti
819 3541 968 3628 magistri
1003 3540 1161 3606 Willelmi
1199 3543 1240 3607 de
1275 3542 1397 3610 Sancto

346 3651 521 3739 Botulpho,
537 3648 664 3713 dudum
673 3665 819 3732 personae
834 3642 977 3708 eeclesiae
993 3642 1034 3707 de
1049 3642 1226 3730 Hoghton',
1241 3645 1398 3728 defuncti,

347 3755 499 3820 clericum
529 3753 686 3828 vestrum
709 3769 767 3834 per
796 3743 954 3810 beneficia
976 3766 1036 3810 sua
1069 3745 1292 3828 ecclesiastica,
1324 3770 1399 3834 quae

348 3856 451 3923 habet
472 3855 509 3918 in
534 3850 666 3919 dioecesi
687 3853 807 3928 vestra,
830 3848 879 3912 ita
903 3845 990 3932 quod
1014 3846 1060 3913 sit
1090 3868 1198 3913 coram
1219 3848 1399 3916 baronibus

350 3961 391 4025 de
407 3955 574 4025 scaccario
596 3957 718 4031 nostro,
739 3949 830 4038 apud
843 3948 1183 4030 westmonasterium,
1197 3951 1235 4015 in
1256 3952 1400 4018 crastino

353 4060 469 4130 Sancti
492 4056 636 4135 Hillauii,
653 4055 696 4121 ad
710 4052 966 4140 acquietandum
981 4073 1096 4118 versus
1118 4073 1177 4118 nos
1193 4053 1399 4140 Stephanum

349 4165 390 4230 de
413 4161 557 4247 Mauley,
579 4179 667 4225 nunc
687 4176 860 4245 personam
882 4153 1024 4220 ecclesiae
1045 4153 1221 4241 praedictae,
1236 4176 1304 4222 una
1325 4177 1400 4222 cum

350 4269 478 4354 Rogero
501 4265 532 4329 le
555 4260 673 4339 Olerk',
688 4256 914 4345 praebendario
929 4255 970 4321 de
986 4255 1201 4343 Langeeestr,
1223 4256 1400 4324 Laurentio

350 4371 391 4436 de
414 4364 609 4447 Holebecha,
633 4367 668 4429 et
689 4361 846 4448 magistro
870 4359 1016 4424 Roberto
1038 4359 1079 4423 de
1102 4358 1251 4439 Beddok',
1273 4381 1402 4427 co-exe-

352 4471 520 4539 cutoribus
555 4467 622 4533 suis
654 4461 846 4531 testamenti
867 4461 1026 4548 praedicti,
1060 4462 1118 4547 qui
1149 4463 1290 4528 eundem
1312 4463 1400 4530 diem

352 4575 487 4652 habent,
509 4570 550 4635 da
580 4565 720 4654 xliijet,
758 4586 832 4652 quaa
875 4563 971 4630 nobis
1003 4562 1165 4630 debentur
1195 4563 1236 4630 de
1267 4565 1401 4632 ecclesie

351 4674 574 4766 praedicado
590 4670 736 4738 subsidio
751 4665 939 4734 medietatis
954 4667 1087 4733 domino
1102 4665 1275 4746 Eduardo,
1296 4689 1399 4754 quen-
