3566 5712
403 815 469 878 824
581 826 780 878 saorsrauu
803 823 1006 876 rmarruuu
1029 825 1273 876 nusmumsr.

234 1022 308 1130 Affi·
317 1024 375 1068 ¹81ss
673 1015 848 1083 Universis
884 1019 1008 1081 sanctae
1045 1016 1163 1081 matris
1195 1014 1339 1081 ecclesiae
1376 1013 1455 1080 filiis
1466 1023 1617 1078 masma

235 1097 388 1196 rossillon
626 1121 804 1206 presentes
829 1117 942 1183 literas
966 1116 1171 1204 inspecturis,
1193 1117 1363 1195 Ricnrdus,
1386 1121 1456 1195 eta,

235 1186 372 1287 blb'iiiii
405 1221 546 1285 salutem
580 1219 618 1285 in
651 1219 799 1284 omnium
822 1218 1001 1284 Salvatora
1064 1218 1304 1284 Universitatis
1336 1222 1456 1284 vestrae

238 1284 388 1429 ‹il'illpssiiib
404 1321 543 1400 notitias,
565 1320 602 1385 in
624 1321 776 1387 veritatis
808 1320 1045 1398 testimonium,
1067 1320 1257 1386 deducimus
1289 1342 1347 1407 per
1372 1342 1456 1406 prae-

238 1395 394 1530 ῗῑῗὲωτῖᾦωίὑ
405 1429 522 1500 sentes,
545 1423 642 1508 quod,
657 1421 813 1508 inspectis
835 1421 941 1487 literis
964 1473 972 1489 .
994 1471 1001 1486 .
1025 1419 1170 1488 officialis
1199 1423 1305 1488 nostri
1330 1422 1456 1488 Dunol-

237 1497 366 1630 ffim
406 1524 528 1590 mensis
549 1524 657 1611 sigillo
679 1522 889 1590 officialitatis
912 1522 1059 1610 signatis,
1081 1523 1177 1610 plene
1203 1523 1399 1611 collegimus,
1422 1527 1457 1588 et

237 1614 373 1682 Μ’
405 1626 541 1711 liquido,
556 1626 597 1692 de
612 1625 744 1702 eisdem,
758 1624 928 1692 dominum
950 1625 1126 1690 Ricardum
1142 1625 1184 1690 de
1205 1625 1368 1712 Topclive,
1382 1647 1458 1692 exe·

408 1733 555 1794 cutorem
577 1727 769 1794 testamenti
792 1727 957 1813 quondam
974 1726 1101 1792 domini
1123 1727 1258 1793 Thomas
1280 1729 1321 1794 de
1338 1727 1458 1794 Leues-

408 1829 494 1907 ham,
517 1829 675 1907 defuncti,
704 1834 739 1894 et
769 1831 997 1894 coexecutcres
1029 1851 1113 1910 suos,
1144 1835 1332 1915 compotum
1362 1852 1459 1916 super

408 1930 692 2000 administratione
715 1950 783 2010 sua,
807 1929 844 1994 in
874 1928 970 1994 bonis
993 1929 1075 1996 dicti
1105 1930 1260 2009 defimcti,
1284 1931 1382 1996 certis
1404 1931 1458 1997 dia

408 2039 443 2099 et
465 2033 545 2112 loco,
559 2030 602 2096 ad
621 2031 691 2108 hoc,
705 2051 763 2115 per
778 2029 918 2095 eundem
942 2080 948 2096 .
974 2081 980 2097 .
1004 2029 1172 2096 officialem
1189 2031 1333 2112 statutis,
1350 2053 1458 2098 coram

408 2155 447 2200 eo
469 2131 643 2200 actualiter
664 2131 864 2212 reddidisse3
887 2152 996 2197 coram
1017 2129 1084 2217 ¹quo
1106 2138 1309 2219 compertum
1334 2133 1457 2215 extitit,

408 2236 497 2301 inter
518 2233 593 2315 alia,
616 2233 743 2299 dictum
777 2233 948 2299 dominum
986 2233 1172 2314 Ricardum,
1196 2256 1254 2322 per
1284 2234 1386 2320 ipsius
1407 2255 1457 2299 ro-

393 2337 505 2416 tulos,
527 2358 624 2422 super
646 2340 796 2422 compoto
828 2356 897 2414 suo,
920 2335 961 2401 de
995 2338 1142 2421 tempora
1164 2357 1229 2421 qao
1259 2335 1324 2401 fuit
1350 2357 1458 2402 senes-

408 2439 511 2504 callus
547 2437 628 2504 dicti
662 2437 789 2502 domini
822 2437 967 2516 Thomas,
1000 2442 1035 2503 et
1068 2440 1217 2523 receptor
1250 2437 1459 2504 denariorum

408 2561 551 2616 suorum,
566 2537 739 2620 confectos,
762 2537 896 2604 nomine
918 2537 1021 2624 ipsius
1045 2537 1170 2603 domini
1193 2538 1339 2616 Thomae,
1360 2543 1395 2604 et
1416 2541 1460 2604 ad

408 2663 491 2729 opus
513 2640 671 2726 ejusdem,
694 2639 841 2706 diversas
872 2639 1086 2726 pecuniarum
1114 2662 1259 2706 summas
1288 2640 1329 2706 de
1351 2641 1459 2706 reddi-

408 2742 500 2808 tibus
522 2745 795 2820 tenementorum,
811 2762 885 2826 quas
899 2741 1034 2807 fuerunt
1048 2741 1206 2807 Willelmi
1226 2741 1267 2808 da
1282 2741 1459 2820 Brstevill',

409 2845 446 2910 in
467 2843 616 2924 Jafford’,
639 2865 697 2930 per
720 2865 823 2908 annos
846 2842 1006 2930 plurimos
1022 2844 1188 2931 recepisse.
1233 2842 1276 2909 In
1298 2845 1390 2930 cujus
1412 2845 1460 2910 rei

409 2944 647 3023 testimonium,
669 2943 816 3031 sigillum
847 2950 998 3011 nostrum
1028 2945 1244 3032 praesentibus
1266 2951 1317 3010 est
1339 2969 1460 3033 appen-

410 3069 491 3114 sum.
536 3045 663 3112 Datum
686 3046 775 3132 apud
797 3045 979 3124 Alverton’,
994 3043 1053 3132 vj⁰.
1069 3047 1123 3111 die
1146 3046 1358 3133 Septembris,
1373 3069 1460 3113 anno

410 3147 547 3214 Domini
579 3145 753 3215 millesimo
784 3144 858 3215 coc⁰.
890 3148 1120 3227 sextodecimo,
1146 3153 1181 3212 at
1211 3149 1462 3216 consecrationis

411 3254 533 3318 nostrae
555 3253 657 3316 sexto.

245 3453 527 3550 fflgefflofnissnm
560 3487 680 3524 concurs
758 3461 928 3540 Ricardus,
951 3460 1163 3548 permissione
1189 3463 1312 3542 divina,
1334 3466 1462 3532 Dunol·

244 3554 376 3650 {lffllsse
413 3541 504 3590 'mi
533 3540 565 3590 ‘²⁶
587 3539 679 3590 &hm
712 3563 834 3630 mensis
865 3563 1042 3649 episcopus,
1073 3563 1191 3628 dilecto
1224 3565 1302 3645 filio,
1329 3566 1461 3634 domino

246 3653 350 3700 mooe
413 3607 679 3724 mam...
713 3663 1461 3751 mrs‚m0sasa1a1aesss2hsm,sausm,

413 3771 557 3858 gratiam
591 3774 626 3834 et
655 3765 925 3833 benedictionem.
972 3765 1061 3831 Viris
1084 3767 1317 3849 ecclesiasticis,
1340 3771 1461 3857 quibus

414 3871 632 3938 committitur
662 3869 809 3957 regimen
842 3867 1036 3946 animam,
1059 3867 1210 3936 insistere
1241 3872 1350 3939 studio
1372 3874 1463 3960 cupi·

414 3974 556 4056 entibus,
577 3977 618 4038 ut
639 3991 792 4060 processu
807 3969 965 4056 temporis
987 3969 1114 4036 fructus
1128 3971 1244 4038 uberes
1261 3974 1463 4060 producturi,

415 4075 536 4160 quibus
566 4073 693 4139 animas
724 4071 788 4137 sibi
822 4071 1009 4137 commissas
1042 4071 1079 4135 in
1108 4073 1199 4138 viam
1231 4076 1463 4142 mandatorum

415 4175 551 4242 Domini
584 4173 750 4242 salubrius
779 4173 921 4260 dirigere
937 4173 1089 4252 «valeant,
1118 4174 1268 4258 libenter,
1300 4184 1461 4265 quantum

415 4300 490 4344 cum
512 4277 584 4342 Deo
606 4297 786 4363 possumus,
809 4296 1000 4340 consensum
1026 4275 1222 4342 benevolum
1245 4278 1461 4365 impertimur.

416 4379 511 4444 Fusis
532 4377 636 4465 igitur
666 4399 725 4463 per
753 4381 788 4442 te
817 4377 966 4463 precibus
996 4376 1222 4444 favorabiliter
1242 4379 1402 4459 inclinati,
1424 4387 1464 4448 ut

416 4480 453 4544 in
475 4479 586 4564 aliquo
614 4479 685 4543 loco
707 4478 766 4542 ubi
784 4477 876 4564 viget
899 4477 1058 4545 Generals
1080 4479 1247 4562 Studium,
1269 4503 1290 4547 a
1311 4481 1365 4547 dia
1386 4503 1464 4548 con-

416 4578 567 4643 fectionis
600 4578 812 4662 praesentium
843 4600 946 4665 usque
984 4581 1020 4644 in
1057 4579 1229 4650 biennium
1266 4582 1464 4662 revolutum,

417 4677 538 4744 morari
560 4677 678 4758 valeas,
693 4699 791 4746 cause
812 4680 975 4759 studendi,
991 4685 1026 4746 et
1046 4673 1180 4748 interim
1203 4683 1240 4748 in
1261 4683 1350 4751 dicte
1364 4685 1463 4753 eccle-
