3562 5710
490 823 689 878 nrersrnun
712 823 911 874 rsasrrnuu
932 822 1173 874 aminnias
1271 805 1356 877 1079

141 1025 299 1084 sanasse
310 1009 469 1090 misimus,
490 1015 529 1076 ut
562 1014 614 1077 est
643 1010 779 1091 dietum,
802 1031 901 1096 quam
931 1030 970 1074 ea
1001 1029 1076 1094 quae
1108 1009 1146 1073 in
1176 1008 1267 1074 curia
1298 1029 1359 1073 sus
1388 1021 1512 1069 aaran.

310 1112 520 1199 postmodum
549 1112 664 1178 habita
694 1113 836 1190 fuerunt,
859 1133 934 1179 eum
956 1111 1113 1178 brevibus
1135 1113 1170 1176 et
1203 1109 1355 1176 omnibus

309 1213 384 1280 aliis
405 1235 445 1282 ea
475 1214 795 1302 urgentibusque
826 1215 862 1279 in
884 1212 1034 1280 custodia
1065 1218 1177 1279 vestra
1199 1211 1357 1290 existunt,

309 1316 413 1396 nobis,
434 1315 497 1382 sub
518 1316 626 1402 sigillo
647 1320 767 1394 vestro,
796 1315 983 1397 mitteretis,
1007 1314 1057 1380 ita
1078 1313 1166 1400 quod
1197 1335 1236 1380 ea
1256 1314 1357 1380 habe-

309 1430 418 1483 remus
438 1417 476 1482 in
497 1417 640 1486 erastmo
654 1417 863 1486 Aseensionie
877 1416 1013 1483 Domini
1038 1417 1156 1482 ultimo
1178 1415 1355 1503 praeterito,

307 1516 505 1605 ubicumque
536 1524 617 1586 tunc
649 1540 792 1586 essemus
823 1519 860 1584 in
881 1518 1012 1606 anglie,
1034 1523 1083 1599 ut,
1104 1516 1170 1582 hiis
1200 1516 1357 1603 inspectis

281 1637 284 1642 ·
306 1616 442 1704 plenius,
458 1624 493 1686 et
515 1621 721 1700 examinatis,
734 1619 874 1686 ulterius
888 1641 986 1708 super
1007 1620 1070 1686 hoc
1091 1617 1163 1684 fieri
1177 1618 1357 1684 faceremus
1394 1637 1489 1686 sane.

305 1719 394 1804 quod
416 1720 458 1788 de
475 1719 551 1806 jure
572 1721 643 1790 fore
671 1722 853 1788 viderimus
886 1719 1094 1803 faciendum
1116 1721 1158 1786 de
1180 1740 1245 1806 quc
1268 1719 1356 1785 nihil

305 1819 421 1903 faeere,
443 1842 504 1891 nee
525 1822 625 1890 breve
647 1829 805 1902 nestrum,
827 1823 921 1890 vobis
943 1823 1022 1890 inde
1044 1823 1218 1903 directum,
1247 1843 1357 1890 coram

305 1921 400 1988 nobis
432 1923 475 1989 ad
508 1924 597 1990 diem
629 1925 825 2012 praedictum
857 1930 1032 2007 retornare,
1056 1925 1239 2007 curavistis,
1269 1924 1359 1990 unde

306 2023 485 2114 plurimum
515 2025 778 2104 admirabamur3
811 2047 870 2114 per
892 2024 980 2113 quod
1013 2025 1117 2109 vobis,
1151 2026 1238 2094 aaut
1266 2025 1357 2105 alias,

306 2125 580 2205 mandaverimus,
602 2129 691 2213 quod
724 2127 894 2195 recordum
917 2132 952 2194 et
982 2147 1152 2215 processus
1173 2127 1277 2193 totius
1299 2148 1357 2193 na-

306 2226 389 2312 getii
403 2227 592 2312 supradicti,
603 2229 704 2314 juxta
726 2233 875 2295 mucram
896 2228 1046 2295 mandati
1067 2228 1173 2295 nostri
1194 2227 1355 2315 praedicti,

306 2327 409 2408 nobis,
432 2329 494 2394 sub
516 2329 625 2417 sigillo
645 2333 766 2408 vestro,
780 2329 966 2409 mitteretis,
988 2331 1037 2398 ita
1059 2331 1146 2417 quod
1169 2352 1208 2397 ea
1222 2329 1358 2398 habere·

307 2449 381 2494 mus
402 2449 512 2496 coram
532 2431 628 2497 nobis
649 2453 671 2497 a
692 2430 746 2498 die
768 2431 900 2500 Sanctae
934 2431 1108 2498 Trinitatis
1139 2431 1177 2497 in
1198 2453 1252 2499 xv.
1277 2432 1356 2511 dies,

307 2531 495 2619 ubicunque
516 2537 596 2600 tunc
628 2555 771 2600 essemus
803 2535 840 2600 in
861 2533 992 2623 Anglia,
1016 2535 1071 2601 vel
1103 2555 1234 2601 causam
1263 2535 1359 2600 nebia

307 2632 544 2720 significaretis,
558 2655 659 2723 quare
673 2636 831 2704 mandato
852 2640 964 2702 nostro
978 2634 1145 2722 praedicto,
1166 2635 1248 2703 alias
1263 2635 1359 2716 vobis

306 2733 385 2801 inde
405 2735 538 2816 diresin,
560 2738 697 2804 minima
718 2737 885 2826 paruistis,
907 2759 967 2805 vos
989 2739 1031 2804 ad
1062 2736 1235 2825 praefatam
1257 2737 1354 2824 quin·

307 2836 425 2903 denam
463 2837 595 2906 Sanctae
627 2838 802 2906 Trinitatis
832 2839 918 2906 nihil
948 2840 1055 2908 faeere
1085 2839 1267 2920 curavistis,
1299 2839 1357 2906 sed

306 2939 495 3020 mandastis,
510 2940 599 3027 quod
612 2941 807 3008 mandatum
817 2940 1079 3020 nostrum,vobis
1094 2941 1172 3008 inde
1183 2941 1355 3020 directum,

306 3041 387 3108 adeo
397 3042 492 3110 tarde
506 3043 601 3110 vobis
615 3042 717 3121 venit,
728 3043 970 3131 quodpropter
979 3043 1137 3132 temporis
1148 3043 1359 3122 brevitatem,

307 3141 389 3209 illud
404 3144 523 3231 exequi
537 3165 605 3211 non
619 3144 782 3232 potuistis,
796 3145 891 3211 vobis
906 3143 1109 3224 mandamus,
1126 3143 1211 3210 aierit
1232 3143 1355 3231 pluries

306 3245 401 3311 vobis
423 3246 660 3326 mandavimus,
682 3247 771 3333 quod
792 3245 963 3314 reeordum
985 3250 1019 3313 et
1042 3267 1226 3334 processum
1248 3247 1354 3314 totius

307 3346 432 3434 negotii
446 3347 635 3436 supradicti,
644 3347 747 3434 juxta
760 3353 908 3415 tenerem
922 3347 1154 3415 mandaterum
1167 3351 1355 3415 nostrorum

306 3447 402 3515 vebis
424 3448 503 3516 inde
523 3449 731 3530 directorum,
746 3449 850 3531 nobis,
865 3450 927 3516 sub
950 3449 1057 3537 sigillo
1071 3453 1192 3529 vestro,
1206 3450 1358 3530 mittatis,

308 3559 342 3618 et
362 3555 425 3622 hcc
446 3555 555 3635 breve,
569 3555 621 3622 ita
642 3554 730 3640 quod
752 3575 791 3620 ea
812 3555 990 3622 habeamus
1012 3573 1121 3622 coram
1142 3553 1247 3637 nobie,
1263 3554 1353 3622 adis

308 3655 423 3723 Sancti
445 3655 469 3722 J
470 3656 607 3724 ohannis
629 3655 790 3744 Baptistae
811 3655 849 3721 in
870 3677 927 3722 xv.
949 3656 1028 3739 dice,
1051 3655 1250 3742 ubicumque
1274 3659 1354 3722 tunc

307 3758 467 3824 fuerimus
481 3759 518 3824 in
528 3757 661 3846 Anglia.
705 3759 751 3826 Et
765 3757 884 3843 sciatis,
900 3757 1074 3848 quodnisi
1087 3759 1149 3828 hoe
1162 3759 1358 3849 mandatum

273 3929 282 3944 ‚
308 3863 456 3926 nostrum
478 3860 607 3947 plenius
628 3861 847 3947 exequamini,
869 3861 1017 3950 graviter
1037 3861 1081 3930 ad
1103 3881 1164 3930 vos
1185 3859 1358 3948 capiemus.

309 3961 415 4044 Teste,
449 3961 488 4029 R.
513 3961 546 4028 le
567 3961 757 4041 Brabaaon’,
788 3963 876 4050 apud
907 3962 1244 4044 Westmoneaterium,
1274 3959 1359 4048 viij⁰.

311 4065 366 4132 die
387 4064 492 4144 Junii,
513 4085 600 4131 anno
621 4065 715 4153 regni
736 4064 841 4132 nostri
863 4068 988 4133 octava.
1473 4053 1477 4061 ⁴

1373 4285 1500 4332 Neretum

1372 4336 1474 4384 maeret.

311 4497 393 4548 Breve
430 4507 497 4562 ‘08¹¹
528 4506 575 4586 ¹³¹?
651 4455 842 4535 Edwardus,
879 4454 943 4520 Dei
975 4453 1091 4541 gratia,
1122 4475 1183 4520 rex
1214 4451 1356 4541 Angliaa
1371 4475 1503 4530 rsonae·

311 4561 574 4616 mansionariam.
606 4559 760 4625 dominus
791 4555 971 4635 Hibernia,
1000 4559 1034 4622 et
1064 4556 1134 4621 dux
1156 4552 1357 4640 Aquitania,
1370 4527 1496 4624 {iffa

311 4647 538 4732 venerabili
527 4681 566 4726 ιιι
602 4660 735 4728 Christo
772 4659 871 4746 patri,
910 4657 1061 4738 Ricardo,
1092 4656 1207 4726 eadem
1239 4625 1467 4746 gratiam
