3538 5712
401 781 488 843 1140
579 793 780 842 nrorsraun
803 792 1006 841 munuum
1028 789 1272 840 nuunnunrsn.
1752 400 1760 916 i

243 975 366 1036 A·D·1³1‘1·
400 999 503 1064 usque
527 978 833 1057 Katerickeecltere,
856 979 941 1043 sicut
963 978 995 1042 le
1018 977 1128 1062 Edege
1150 998 1185 1042 ee
1209 976 1359 1044 extendit
1381 991 1627 1046 ver-Annum
1758 983 1759 1060 J

400 1101 455 1146 sus
478 1080 700 1160 occidentem3
723 1080 813 1145 etde
829 1078 1244 1164 Katerickesaltereusque
1266 1078 1297 1142 le
1321 1078 1454 1164 Pyked·

401 1183 493 1260 lawe,
517 1183 615 1248 etde
641 1183 672 1247 le
704 1183 905 1269 Pykedlawe
927 1204 1030 1268 usque
1060 1181 1103 1246 ad
1133 1179 1236 1246 altam
1258 1180 1358 1258 viam,
1379 1203 1454 1266 quae

404 1284 496 1350 ducit
530 1285 570 1348 de
602 1284 738 1370 Stanop’
767 1305 881 1350 versus
913 1283 1127 1370 Correbrigg’,
1154 1287 1188 1348 et
1220 1284 1267 1348 sic
1289 1284 1454 1368 sequendo

402 1386 493 1450 illem
517 1386 605 1450 viam
636 1407 749 1451 versui
778 1386 921 1464 boream,
944 1406 1051 1470 usque
1080 1385 1124 1448 ad
1146 1383 1255 1449 locum
1278 1384 1336 1470 qui
1360 1405 1455 1449 voca-

402 1491 459 1552 tur
474 1495 490 1522 “
503 1486 817 1566 Bernardeserossess’
841 1493 876 1552 et
899 1487 945 1552 sic
967 1487 1009 1552 de
1030 1486 1318 1551 Beruardeecroase
1341 1507 1455 1550 versus

402 1589 561 1653 orientem
585 1589 749 1674 sequendo
772 1588 863 1654 viam
893 1588 1103 1674 superiorem,
1125 1610 1200 1672 quae
1227 1588 1317 1672 jacet
1339 1586 1456 1652 subtus

403 1689 629 1768 Hunterlawe,
653 1713 756 1776 usque
786 1691 823 1755 in
853 1691 1042 1776 oppositum
1067 1689 1182 1775 anguli
1204 1689 1344 1754 borealis
1366 1689 1456 1775 pami

404 1792 508 1856 nostri
542 1792 701 1879 praedicti,
726 1797 760 1857 et
793 1793 840 1858 sic
874 1791 1098 1858 descendendo
1125 1792 1168 1856 ed
1190 1792 1331 1856 eundem
1353 1813 1457 1877 angu-

403 1892 481 1970 lum,
505 1899 539 1958 et
561 1894 603 1958 ab
626 1894 683 1958 illo
705 1894 827 1980 angulo
849 1893 970 1959 boreali
1002 1893 1040 1958 in
1069 1893 1205 1979 longum
1231 1893 1322 1980 parci
1345 1892 1456 1968 nostri,

403 1995 571 2079 usquead
598 1995 754 2081 angulum
787 1997 965 2060 australem
997 2001 1091 2060 extre
1122 1996 1280 2081 puliceam
1312 1995 1457 2079 ejusdcm

403 2096 500 2182 parci,
524 2097 583 2161 ubi
606 2096 722 2162 divisae
745 2097 851 2183 primo
874 2097 1126 2183 incipiebantur.
1173 2097 1228 2162 Ita
1249 2097 1337 2181 quod
1359 2095 1457 2161 liceat

404 2197 501 2263 dictis
516 2199 617 2284 priori
640 2203 674 2264 et
697 2199 884 2280 conventui,
901 2203 937 2264 et
959 2221 1071 2264 eorum
1087 2199 1333 2276 successoribue‚
1348 2203 1457 2264 totum

291 2379 294 2384 Ι
405 2305 537 2364 vastum
569 2301 772 2386 praedictum,
804 2323 880 2366 cum
910 2301 1016 2379 bosco,
1038 2324 1082 2366 ex
1111 2302 1202 2366 omni
1232 2306 1325 2386 parte
1355 2321 1457 2378 muro,

406 2403 460 2466 vel
481 2402 611 2478 fossato,
637 2402 691 2470 vel
724 2403 848 2489 pelicea
878 2402 995 2488 lignea,
1018 2403 1073 2468 vel
1104 2403 1209 2480 aliter,
1232 2407 1331 2488 prout
1354 2403 1458 2488 magis

406 2503 470 2568 eibi
508 2503 654 2568 viderint
692 2504 854 2589 expedire,
887 2503 1063 2581 includere,
1094 2510 1130 2569 et
1160 2505 1197 2568 in
1228 2525 1286 2569 suo
1318 2503 1458 2590 separali

406 2611 528 2682 tenere,
551 2606 621 2670 sine
653 2605 911 2671 contradictione
942 2627 1136 2691 quacunque
1166 2605 1280 2684 nostri,
1304 2605 1357 2669 vel
1386 2627 1457 2670 suc-

407 2727 569 2772 cessorum
606 2710 812 2786 nostrorum3
848 2707 1038 2771 habendum
1072 2711 1106 2772 et
1138 2706 1316 2772 tenendum
1349 2712 1458 2771 totum

407 2808 601 2894 praedictum
624 2813 765 2889 vastum,
790 2829 864 2873 cum
885 2807 989 2887 bosco,
1012 2809 1178 2894 praedictis
1201 2809 1304 2893 priori
1326 2813 1360 2873 et
1382 2829 1458 2874 con-

408 2909 532 2986 ventui,
556 2914 590 2973 et
621 2909 857 2975 successoribus
888 2910 964 2987 suia,
988 2915 1026 2976 ut
1060 2910 1309 2996 supradictum
1342 2911 1459 2988 estin

407 3032 524 3097 puram
547 3016 581 3075 et
603 3017 796 3096 perpetuam
827 3011 1087 3098 eleemosynam
1117 3012 1167 3075 ita
1196 3012 1285 3095 quod
1305 3033 1367 3078 nec
1388 3033 1457 3091 nos,

407 3133 466 3178 nec
488 3133 684 3178 successores
706 3112 819 3196 nostri,
841 3113 878 3176 in
898 3113 987 3179 dicto
1009 3117 1112 3191 vasto,
1134 3113 1190 3178 vel
1206 3114 1310 3191 bosco,
1333 3100 1460 3200 aliquid

408 3215 449 3279 de
464 3219 581 3280 caetero
604 3213 735 3300 exigere
750 3216 804 3280 vel
818 3213 994 3281 vendicare
1009 3214 1045 3278 in
1060 3220 1255 3301 perpetuum
1270 3215 1458 3301 poterimus.

408 3314 600 3401 Licebitque
615 3315 713 3381 dictis
735 3314 836 3402 priori
858 3321 893 3382 et
914 3317 1101 3394 conventui,
1124 3320 1158 3381 et
1174 3337 1286 3382 eorum
1300 3339 1459 3383 suoceaao·

407 3419 507 3498 ribus,
524 3418 635 3484 omnia
656 3417 812 3484 animalia
834 3439 894 3484 aua
916 3418 1042 3505 [super]
1066 3440 1173 3484 moras
1195 3418 1460 3505 circumjacentes

409 3520 584 3606 pascentia,
623 3524 693 3585 tam
729 3523 876 3606 tempore
913 3519 1060 3606 hyemali
1094 3541 1194 3606 quam
1231 3520 1381 3598 aestivali,
1414 3520 1460 3586 ad

408 3622 603 3707 praedictum
619 3621 762 3708 separale
778 3621 929 3707 quotiens
944 3621 1120 3700 voluerint,
1142 3622 1266 3708 fugere,
1281 3629 1315 3688 ct
1335 3622 1459 3688 ibidem

408 3723 451 3787 ad
473 3723 667 3788 morandum
681 3728 854 3808 receptare,
871 3726 905 3789 et
926 3725 970 3788 ad
995 3723 1158 3811 [euede]m
1181 3745 1288 3789 morae
1302 3723 1460 3811 refugare,

409 3825 480 3889 sine
511 3825 768 3890 contradictione
797 3831 918 3903 nostra,
948 3830 984 3890 et
1012 3847 1232 3893 successorum
1265 3831 1459 3892 nostrorum.

408 3925 444 3991 N
445 3948 479 3991 os
494 3947 579 4004 vero,
591 3932 626 3991 et
639 3913 835 3992 succeseorea
855 3927 968 4006 nostri,
984 3933 1093 3993 totum
1108 3933 1241 3994 vastum
1256 3929 1459 4015 praedictum,

226 4111 230 4120 ι
409 4025 573 4093 informa
602 4029 986 4114 aup1·adiotu‚praedictis
1017 4029 1119 4115 priori
1150 4034 1185 4094 et
1215 4029 1401 4111 conventui,
1425 4033 1461 4096 et

296 4182 302 4195 .
349 4183 355 4197 .
410 4151 522 4195 eorum
545 4129 790 4208 successoribua
812 4135 927 4196 contra
956 4151 1068 4196 omnes
1094 4130 1242 4196 homines
1265 4131 1461 4197 warantiza-

408 4231 527 4312 bimuS,
551 4235 585 4295 et
606 4231 643 4294 in
657 4238 852 4316 perpetuum
874 4231 1092 4298 defendemus.
1138 4233 1181 4298 In
1195 4232 1289 4318 cujus
1303 4233 1351 4299 rei
1367 4233 1459 4298 testi·

410 4333 567 4410 monium,
596 4335 814 4418 praesentibus
843 4332 988 4419 sigillum
1016 4339 1166 4400 nostrum
1196 4341 1248 4400 eat
1268 4357 1457 4423 appensum
1510 4381 1514 4390 ·

410 4435 487 4500 Hiie
510 4435 658 4512 testibus,
682 4435 832 4512 dominia,
855 4434 1000 4500 Roberto
1031 4437 1072 4501 de
1097 4435 1262 4522 Olyfford',
1284 4436 1460 4525 Ranulpho

411 4537 452 4601 de
474 4536 615 4622 Nevyle,
637 4535 811 4623 Radulpho
833 4535 903 4601 filio
924 4536 1090 4616 Willelmi,
1107 4537 1253 4604 Roberto
1275 4538 1317 4605 de
1333 4539 1460 4617 Hilton,

412 4636 552 4703 Ricardo
578 4637 794 4716 Marmeduk’,
824 4637 969 4705 Waltero
1006 4639 1047 4704 de
1077 4639 1305 4729 Wessington’,
1335 4641 1462 4709 llrome
