3524 5716
395 760 480 834 1176
571 778 768 831 unaarum
791 775 994 828 ruarmun
1017 773 1258 826 susumussr.

242 982 364 1029 ltu-1³1²
392 973 589 1048 sanctorum,
611 992 649 1036 ao
671 971 818 1036 omniurn
840 971 1055 1048 sacerdotum,
1081 969 1310 1035 indubitanter
1331 964 1622 1034 incur-fflw

392 1073 479 1140 risse.
525 1071 572 1138 Et
593 1077 634 1138 ut
655 1071 726 1138 haeo
747 1078 861 1138 nostra
883 1073 1018 1138 donatio
1040 1072 1145 1152 firma,
1167 1076 1250 1152 rata,
1273 1076 1308 1137 et
1330 1070 1443 1137 incon-

393 1197 494 1253 cussa,
533 1175 654 1241 futuris
691 1175 895 1263 temporibus
933 1179 1134 1260 permaneat,
1171 1173 1232 1239 hoe
1273 1175 1441 1258 scriptum,

394 1278 430 1343 in
452 1277 587 1342 modum
610 1277 819 1364 chirographi
840 1276 1036 1355 confectum,
1051 1277 1233 1364 sigillorum
1256 1281 1443 1341 nostrorum

394 1379 577 1445 munimine
600 1379 843 1460 roboravimus3
876 1378 969 1465 cujus
999 1400 1068 1444 una
1096 1401 1173 1463 pars
1198 1377 1321 1444 residet
1343 1398 1444 1463 penes

394 1480 499 1547 dictos
521 1481 721 1546 dominum.
752 1533 758 1548 .
790 1533 797 1547 .
829 1481 971 1568 priorem
1005 1489 1040 1546 et
1070 1485 1280 1557 conventum,
1311 1483 1347 1544 et
1379 1478 1445 1542 alia

394 1603 495 1669 penes
510 1582 637 1648 dietum
652 1582 867 1669 capellanum,
886 1583 922 1647 in
944 1582 1059 1648 eadem
1081 1582 1205 1668 capella
1227 1581 1343 1647 divina
1364 1580 1445 1645 cele-

394 1684 576 1764 braturum,
603 1687 639 1750 et
661 1705 859 1751 successores
881 1705 964 1751 suos.
1012 1684 1088 1749 Hiis
1119 1682 1271 1763 testibus,
1295 1682 1443 1758 dominis,

396 1785 543 1852 Gslfrido
565 1787 606 1852 de
629 1787 758 1867 Helme,
781 1793 905 1853 rectore
936 1787 1078 1854 ecclesias
1107 1786 1196 1852 beati
1227 1784 1379 1852 Nielrolai
1409 1784 1445 1848 in

395 1887 568 1965 Dunelm0‚
602 1894 636 1954 et
669 1888 767 1954 Petro
802 1889 843 1954 de
875 1888 1054 1973 Thoresby,
1077 1887 1262 1974 capellanis,
1295 1885 1444 1963 dominis,

395 1989 572 2056 Wichardo
610 1989 651 2055 de
685 1990 827 2070 larowe,
863 1995 946 2056 tuno
995 1989 1172 2056 senescallo
1221 1987 1445 2065 Dunelmensi,

396 2090 530 2156 Thomas
562 2091 604 2156 de
635 2091 829 2178 Eryngton',
867 2091 1020 2157 lohanne
1059 2090 1129 2154 filio
1167 2089 1377 2165 Marmeduci,
1411 2095 1446 2154 et

395 2192 549 2258 Johanne
571 2192 612 2258 de
635 2193 812 2259 Fernaores
834 2191 1002 2270 militibus,
1024 2191 1216 2257 Alexandro
1238 2191 1279 2258 de
1302 2189 1446 2277 Bydyk',

397 2294 541 2360 Roberto
575 2295 616 2360 de
648 2293 911 2381 Brunnynghill’,
942 2293 1096 2360 Johanne
1127 2293 1196 2358 filio
1228 2293 1372 2358 Gilberti
1405 2293 1448 2368 de

396 2395 571 2473 Dunelm0‚
594 2395 740 2462 Roberto
763 2397 803 2461 de
827 2394 1072 2482 Queryngdon',
1088 2395 1230 2481 Hugone
1252 2394 1355 2459 fratre
1377 2415 1445 2470 suo,

395 2496 548 2563 Johanne
570 2495 664 2576 Bille,
689 2495 864 2582 Radulpho
895 2496 1053 2582 Gervays,
1083 2495 1236 2562 Johunne
1270 2495 1311 2560 de
1344 2495 1445 2560 Gren-

395 2596 479 2676 don',
504 2599 631 2685 Rogero
655 2597 756 2678 Man’,
779 2598 906 2664 Thoma
934 2598 976 2663 de
1003 2597 1112 2683 Ruby,
1134 2597 1286 2663 Johanne
1318 2595 1447 2675 Mundi,

397 2699 558 2766 Nieholao
591 2698 681 2766 dicto
716 2698 829 2777 Scott',
860 2704 896 2764 et
933 2698 1110 2784 Radulpho
1148 2699 1189 2764 de
1227 2698 1445 2764 Normanvill’

396 2800 571 2885 capellano,
593 2805 628 2865 ot
650 2801 724 2866 aliis
747 2800 986 2866 multis—Nos
1010 2822 1088 2866 vero
1111 2801 1233 2866 dietam
1259 2805 1384 2866 cartam
1409 2801 1444 2864 in

396 2901 548 2966 omnibus
586 2901 655 2966 suis
700 2901 864 2980 clausulis,
903 2901 1067 2981 videlicet,
1104 2901 1238 2990 capellae
1279 2902 1446 2990 praedictae

396 3003 602 3082 erectionem,
641 3004 685 3069 ad
722 3003 997 3070 sustentationem
1028 3003 1176 3089 ejusdem
1214 3008 1250 3070 et
1286 3004 1446 3090 capellani

395 3103 592 3170 deservituri
623 3103 660 3168 in
692 3106 815 3184 eadem
853 3106 1046 3172 reddituum
1083 3107 1349 3194 assignationem,
1388 3106 1445 3170 do-

395 3205 571 3286 nationem,
587 3207 818 3292 provisionem,
841 3213 876 3273 et
898 3207 1113 3287 collationem,
1136 3209 1283 3294 ejusdem
1306 3208 1448 3295 capellae,

396 3307 678 3395 quotienscunque
701 3314 736 3374 et
758 3309 1040 3396 qualitercumque
1062 3311 1167 3396 ipsam
1197 3332 1314 3376 vocare
1341 3309 1446 3376 conti-

396 3409 490 3496 gerit,
529 3410 659 3475 dileotis
696 3411 732 3475 in
769 3410 903 3482 Christo
938 3411 1025 3489 filiis,
1058 3410 1161 3499 priori
1181 3411 1230 3476 'et
1267 3411 1446 3478 conventui
1479 3403 1482 3408 ’

396 3511 683 3592 Dunelmmsibus,
706 3534 765 3598 per
796 3512 901 3578 dictos
933 3513 1102 3595 Thomam,
1126 3515 1279 3580 Emmam
1301 3520 1336 3579 et
1360 3511 1445 3577 Wil-

353 3693 356 3698 ·
396 3611 541 3694 lelmum,
565 3613 670 3679 factas
692 3619 727 3678 et
759 3634 935 3691 concessas,
958 3613 1051 3680 salva
1071 3615 1167 3681 nobis
1189 3621 1224 3681 et
1256 3614 1472 3681 successori·¹

397 3714 460 3779 bus
491 3715 613 3780 nostris
636 3714 852 3780 destitutione
875 3717 1045 3801 capellani,
1078 3717 1256 3783 existentis
1278 3739 1338 3806 pro
1362 3726 1444 3784 tem·

398 3837 485 3903 pore,
500 3815 655 3902 quotiens
678 3838 721 3882 ex
742 3818 849 3883 causis
871 3817 1029 3904 legitimis
1053 3817 1154 3884 suerit
1176 3819 1389 3900 amovendus,
1411 3825 1447 3885 et

398 3917 510 3982 omnia
531 3917 597 3982 alia
620 3923 655 3983 et
676 3918 808 4004 singula
829 3919 980 4006 superius
1008 3925 1172 4000 contenta,
1196 3943 1255 4007 pro
1285 3921 1383 3986 nobis
1412 3927 1447 3986 et

399 4019 638 4085 successoribus
660 4020 791 4098 nostris,
818 4021 1028 4100 ratificamus,
1053 4023 1283 4108 approbamus,
1314 4023 1445 4088 robora-

400 4143 473 4186 mus
496 4126 530 4186 et
551 4128 766 4206 acceptamus,
782 4145 820 4188 ac
841 4128 954 4189 tenore
977 4125 1191 4210 praesentium
1209 4125 1445 4190 confirmamus

401 4222 443 4286 In
465 4223 559 4308 eujus
581 4223 625 4288 rei
652 4225 890 4302 testimonium,
903 4234 1080 4312 praesentes
1098 4227 1212 4292 literas
1228 4227 1328 4314 sigilli
1342 4228 1447 4292 nostri

400 4324 582 4390 munimine
597 4325 751 4390 duximus
766 4327 972 4393 roborandae.
1020 4327 1145 4394 Datum
1160 4330 1250 4415 apud
1264 4329 1446 4410 Stolreton',

400 4425 459 4516 iiij.
484 4427 549 4492 kal.
581 4427 788 4505 Novembris,
810 4451 898 4494 anno
920 4429 1055 4496 Domini
1090 4445 1217 4499 M⁰.ooo⁰.
1242 4431 1446 4510 duodecime,

400 4533 435 4594 et
451 4524 667 4615 'pontificatus
690 4531 795 4598 nostri
817 4531 966 4600 secundo.
