3566 5712
452 817 539 882 1010
628 827 826 878 marsuams
849 825 1053 875 rsmrmuu
1076 791 1320 874 nonnssiausa

301 1009 425 1056 *⁰³³¹*
452 1015 801 1103 hujusmodiinnostri
813 1015 969 1080 damnum
981 1034 1049 1078 non
1060 1012 1232 1088 modicum,
1244 1016 1278 1077 et
1289 1010 1452 1097 pmcipue
1464 1008 1500 1071 in
1513 1017 1671 1072 saum-aa

452 1119 707 1183 retardationem
722 1116 941 1203 expeditionis
967 1136 1093 1201 guerrae
1119 1119 1241 1178 nostrae
1257 1112 1385 1190 Scotiae,
1401 1131 1499 1196 quam

449 1221 521 1306 jam
531 1220 774 1305 assumpsimus,
786 1239 845 1305 pro
855 1223 967 1283 nostro
979 1220 1012 1282 et
1021 1215 1169 1280 fidelium
1184 1219 1371 1280 nostrorum
1379 1211 1501 1277 honore

454 1327 488 1385 et
510 1319 687 1396 commodo,
703 1340 777 1384 cum
793 1315 880 1383 Dei¹
898 1316 1074 1402 adjutorio,
1089 1315 1235 1380 finaliter
1250 1309 1501 1392 terminandam,

455 1420 658 1501 redundaro;
680 1419 774 1485 vobis
796 1420 999 1496 mandamus,
1014 1418 1050 1481 in
1066 1417 1131 1481 fide
1146 1422 1180 1483 et
1195 1417 1370 1482 dilectione
1385 1415 1502 1501 quibus

455 1521 551 1586 nobis
573 1520 740 1600 tenemini,
763 1519 902 1586 firmiter
923 1519 1145 1606 injungentes,
1167 1519 1265 1606 quod,
1281 1517 1367 1584 circa
1388 1517 1500 1582 collec-

456 1621 581 1687 tionem
604 1625 638 1687 et
652 1620 851 1686 levationem
874 1620 972 1686 dictae
994 1620 1129 1686 decimae
1143 1641 1273 1685 omnem
1296 1618 1501 1706 diligentiam

457 1743 557 1808 quam
588 1722 740 1808 poteritis
771 1727 982 1808 apponentes,
1012 1727 1126 1788 contra
1156 1721 1346 1808 hujusmodi
1368 1719 1501 1784 rebelles

458 1829 493 1888 et
523 1819 778 1889 contradictores
812 1824 848 1888 in
882 1823 943 1889 hae
974 1829 1066 1908 parte
1089 1822 1135 1887 sie
1158 1821 1271 1908 rigide,
1296 1815 1499 1908 peromnem

457 1945 556 2010 quam
571 1923 721 2010 poteritis
735 1943 914 2000 censuram,
929 1923 1101 2009 procedere
1116 1923 1285 2000 studeatis,
1300 1921 1395 2007 quod,
1406 1923 1505 2008 juxta

457 2027 596 2092 formam
628 2023 706 2090 inde
746 2023 985 2105 concordatum,
1014 2023 1070 2089 vel
1101 2024 1138 2088 in
1169 2031 1337 2110 posterum
1374 2044 1504 2090 ooncor-

458 2127 611 2208 dandmn,
626 2126 800 2204 valeamus,
817 2130 915 2211 prout
930 2125 1095 2202 convenit,
1110 2125 1151 2190 de
1166 2125 1310 2191 denariis
1325 2125 1505 2191 dedecima

459 2227 617 2314 praedicta
638 2226 910 2312 provenientibus
932 2225 1105 2307 deserviri,
1127 2233 1161 2293 et
1176 2231 1321 2293 vestam
1336 2227 1373 2291 in
1387 2225 1505 2292 effectu

459 2329 566 2416 operis
588 2327 793 2414 diligentiam
817 2333 851 2393 et
874 2326 1128 2394 sollicitudinem
1144 2329 1293 2415 experiri.
1338 2329 1383 2393 Et
1405 2329 1446 2392 de
1468 2350 1505 2392 eo

460 2429 548 2516 quod
569 2429 647 2494 inde
678 2429 832 2518 feceritis,
854 2449 892 2494 ac
915 2428 956 2494 de
978 2429 1169 2494 nominibus
1191 2429 1381 2516 hujusmodi
1404 2431 1505 2495 rebel-

460 2531 542 2598 lium
574 2535 608 2596 et
648 2529 953 2608 contradicentium,
976 2533 1145 2596 tenentem
1180 2531 1289 2596 locum
1312 2532 1505 2596 thesaurarii

461 2638 495 2699 et
532 2632 670 2698 barones
708 2632 749 2697 de
781 2629 951 2698 Scaecario
986 2639 1109 2710 nostro,
1147 2633 1304 2698 distincte
1338 2639 1372 2698 et
1394 2639 1504 2720 aperte

460 2733 614 2812 reddatis,
637 2733 721 2798 citra
743 2733 921 2799 instantem
943 2733 1146 2819 quindenam
1169 2733 1367 2802 Natiuitatis
1390 2733 1503 2800 Sancti

458 2834 623 2900 Johannis
645 2835 814 2920 Baptistae,
829 2835 992 2902 certiores.
1037 2835 1134 2902 Teste
1157 2837 1288 2924 meipso
1301 2837 1391 2925 apud
1407 2838 1503 2902 Bere-

459 2957 588 3022 wycum
626 2956 725 3020 super
755 2935 921 3014 Twedam,
953 2933 1051 3022 xiiij0.
1086 2937 1141 3002 die
1161 2937 1185 3003 J
1188 2939 1268 3020 unii,
1300 2959 1389 3004 anno
1412 2939 1505 3025 regni

460 3037 564 3102 nostri
586 3036 733 3122 septimo.

292 3249 420 3344 &aare
459 3273 598 3325 maenum
703 3239 800 3307 Istud
832 3241 930 3308 breve
961 3243 1140 3328 recepimus
1169 3243 1224 3308 dia
1247 3242 1403 3310 llercmii
1426 3267 1506 3326 sem,

292 3350 430 3404 senam
460 3339 581 3404 aunem.
659 3343 808 3429 proximo
831 3348 906 3430 post
935 3343 1081 3410 festum²
1103 3345 1335 3432 Apostolorum
1359 3347 1451 3412 Petri
1473 3353 1507 3414 et

460 3439 563 3518 Pauli,
602 3443 691 3528 apud
729 3443 885 3540 ltychale’
940 3445 1041 3530 juxta
1082 3447 1262 3526 Houeden',
1300 3447 1336 3512 in
1374 3449 1505 3514 dioeccsi

459 3543 676 3626 Eboracensi3
698 3545 786 3610 unde
808 3545 887 3632 quia
908 3545 989 3612 adeo
1020 3548 1115 3612 tarde
1137 3548 1234 3615 nobis
1255 3549 1364 3616 fuerat
1385 3549 1505 3616 libera·

458 3649 540 3724 tum,
555 3651 692 3732 propter
712 3647 910 3714 brevitatem
932 3649 1090 3736 temporis
1105 3655 1139 3718 et
1153 3651 1355 3720 arduitatem
1372 3653 1507 3740 negotii,

458 3745 543 3810 nihil
566 3747 643 3812 inde
665 3747 737 3813 fieri
760 3749 871 3834 potuit
893 3749 958 3816 ista
980 3751 1060 3818 vice.

292 3939 439 4036 Qffio
459 3954 542 4008 Breve
580 3957 646 4025 regis
678 3973 723 4023 pro
801 3949 994 4029 Edwardus,
1032 3949 1096 4016 Dei
1132 3953 1249 4040 gratia,
1272 3974 1333 4020 rex
1367 3954 1506 4041 Angliae,

292 4044 436 4136 ffigag
459 4023 594 4153 &⁶⁰30
622 4024 725 4142 33,ss
756 4050 910 4116 eominus
940 4052 1121 4130 Hiberna,
1144 4059 1179 4118 a
1201 4054 1271 4119 oux
1301 4054 1503 4141 aquense,

292 4141 432 4250 mopsus
463 4151 586 4220 [de]bit0.
756 4153 938 4219 vonerabili
976 4153 1012 4218 in
1050 4153 1183 4220 Ohristo
1219 4157 1317 4242 patri,
1356 4157 1505 4235 Ricando,

291 4241 380 4294 ΜΨ·
458 4246 573 4312 eadem
606 4251 721 4334 gratia,
744 4254 896 4342 episcopo
928 4254 1152 4334 Dunolmensi,
1175 4257 1322 4325 salutem.
1384 4259 1436 4324 De
1469 4277 1507 4324 eo

457 4350 546 4434 quod
568 4371 627 4418 vos
650 4353 724 4420 illas
746 4361 879 4422 centum
901 4363 936 4422 et
958 4357 1077 4445 viginti
1099 4359 1208 4448 libras,
1231 4383 1289 4447 per
1311 4383 1393 4448 quas
1408 4362 1509 4427 finem

457 4451 580 4520 fecistis
595 4457 764 4522 nobiscum
786 4479 846 4544 pro
868 4459 1004 4526 servitio
1026 4466 1137 4527 vestro
1159 4463 1255 4527 nobis
1277 4464 1397 4542 debito,
1420 4465 1508 4550 quod

1087 4611 1177 4619 -—·-·

492 4670 578 4741 ιιω]
595 4655 731 4768 uenus.
978 4683 983 4748 l
1030 4682 1218 4751 sparsorum]
1232 4685 1440 4752 passinus.
