3362 5720
395 841 596 896 ssersrnun
618 841 821 896 remmon
842 843 1080 898 ouumumssn
1175 833 1262 902 1289

48 1030 320 1110 sumtuose,
343 1030 385 1098 de
409 1029 544 1098 consilio
566 1030 659 1117 regni
681 1029 819 1116 Angliee,
842 1029 888 1096 sit
902 1035 1074 1110 statutum,
1096 1031 1184 1118 quod
1199 1052 1265 1098 non
1294 1056 1417 1104 snus.

218 1134 316 1202 licent
347 1134 429 1200 viris
461 1132 620 1219 religiosis
650 1131 822 1216 adquirere
852 1132 906 1197 vel
937 1133 1066 1220 ingredi
1097 1138 1200 1199 terres
1231 1137 1266 1199 et

218 1236 443 1324 possessiones,
467 1235 517 1300 ito.
538 1233 626 1320 quod
654 1233 697 1300 cd
728 1253 863 1298 menum
891 1238 1056 1299 mortuam
1078 1234 1265 1313 deveniant,

219 1337 307 1424 regis
329 1336 464 1402 licentis
485 1355 553 1400 non
574 1335 722 1412 obtenta,
743 1333 843 1419 idque
864 1333 951 1400 infru
976 1339 1122 1402 nostram
1144 1337 1267 1423 regium

219 1437 406 1505 libertatem
437 1439 631 1504 consuetum
662 1435 707 1500 sit
737 1435 903 1519 hactenus,
938 1441 973 1502 et
995 1437 1186 1518 obtentum
1209 1459 1267 1524 per

219 1539 319 1604 finem
342 1537 474 1604 tamen¹
496 1558 593 1622 quem
616 1535 729 1602 dilecti
751 1536 820 1615 filii,
842 1534 934 1624 prior'
953 1541 988 1603 et
1013 1543 1196 1604 conventus
1218 1559 1267 1605 ec·

219 1639 325 1706 clesiae
347 1643 468 1705 nostrae
497 1637 741 1716 Dunolmensis,
763 1637 912 1705 fecerunt
933 1637 1111 1717 nobiseum,
1137 1659 1266 1705 conces-

220 1741 322 1806 simus
344 1745 380 1806 et
399 1739 567 1805 licentiam
590 1737 750 1815 dedimus,
772 1759 831 1826 pro
853 1738 949 1804 nobis
971 1745 1005 1806 et
1030 1740 1267 1806 successoribus

219 1841 348 1922 nostris,
364 1845 528 1926 quantum
549 1840 586 1904 in
607 1839 703 1906 nobis
725 1845 784 1921 est,
807 1841 896 1927 quod
909 1839 1094 1907 Willelmus
1117 1842 1158 1906 de
1181 1841 1267 1906 Lud-

222 1940 379 2008 devorth'
402 1946 438 2007 et
460 1940 610 2018 Mutildc,
632 1962 718 2006 uxor
739 1961 809 2019 sue,
836 1962 942 2006 unum
963 1941 1169 2028 burgagium,
1191 1963 1265 2007 cum

221 2043 438 2130 pertinentiis,
461 2042 498 2107 in
513 2041 683 2108 Suthstret
704 2041 741 2106 in
762 2041 936 2120 Dunolmo,
953 2043 1066 2128 jacens
1092 2043 1181 2107 inter·
1202 2047 1268 2109 ter·

221 2165 292 2211 ram
308 2144 472 2210 Johannis
494 2143 588 2222 Gote,
603 2164 646 2208 ex
667 2147 763 2229 parte
785 2163 861 2220 une,
876 2150 911 2208 et
925 2149 1055 2230 portam
1077 2143 1268 2210 orientalem
1404 2129 1408 2140 ’

223 2245 277 2310 del
291 2244 583 2329 Wcstorcheyerd’,
598 2265 641 2308 ex
655 2244 768 2326 altero,
785 2243 864 2310 dare
885 2244 1022 2330 possint,
1037 2249 1072 2310 et
1093 2245 1267 2332 assignare,

222 2346 369 2434 praefetis
390 2345 491 2434 priori
524 2349 559 2411 et
588 2345 775 2423 conventui,
806 2351 841 2410 et
871 2345 1106 2412 successoribus
1135 2346 1203 2412 suis
1232 2347 1269 2410 in

222 2453 441 2534 perpetuum
466 2452 500 2512 et
533 2446 654 2512 eisdem
688 2445 789 2532 priori
812 2451 846 2511 et
877 2447 1056 2512 conventui
1090 2447 1178 2533 quod
1203 2447 1268 2534 ipsi
1312 2469 1406 2516 carro.

224 2549 418 2636 praedictum
434 2548 639 2635 burgagium,
654 2547 965 2634 compertinentiis,
980 2569 1001 2614 a
1022 2548 1169 2634 praefatis
1184 2549 1268 2614 Wil-

223 2650 308 2716 lemo
324 2655 359 2715 et
373 2649 514 2715 Matilde
527 2648 669 2736 recipere
684 2649 819 2734 possint,
833 2653 868 2715 et
883 2653 1004 2728 tenere,
1022 2649 1086 2714 sibi
1101 2653 1136 2715 et
1145 2670 1269 2716 succes·

224 2751 351 2817 soribus
381 2750 448 2815 suis
470 2751 507 2814 in
528 2755 731 2836 perpetuum,
755 2751 840 2816 sicut
854 2750 1048 2837 praedictum
1071 2755 1130 2828 est,
1153 2754 1268 2816 tenore

225 2851 629 2938 praesentium,1icentiem
655 2850 809 2918 similiter
830 2851 980 2917 dedimus
994 2852 1183 2938 specialem:
1207 2872 1267 2916 no-

222 2954 327 3019 lentes
350 2953 438 3038 quod
460 2952 613 3039 praedicti
627 2952 812 3018 Willelmus
835 2958 869 3019 et
891 2951 1031 3019 Metilda
1046 2953 1100 3017 vel
1121 2953 1267 3019 haeredes

224 3055 284 3132 sui,
306 3074 365 3119 seu
387 3053 517 3140 praefati
539 3053 629 3140 prior
650 3057 684 3117 et
706 3057 896 3134 conventus,
913 3057 973 3117 sut
987 3073 1183 3120 successores
1205 3055 1268 3134 sui,

222 3154 501 3228 rationeStetuti
523 3154 671 3242 praedicti
693 3175 753 3244 per
773 3175 833 3219 nos
847 3153 901 3218 vel
923 3175 1118 3220 successores
1139 3161 1269 3222 nostros

224 3255 301 3322 inde
324 3255 569 3340 occasionentur
590 3255 628 3319 in
650 3255 770 3341 eliquo,
784 3255 838 3320 vel
864 3261 1052 3341 graventur.
1112 3256 1155 3320 ln
1177 3257 1270 3342 cujus

224 3357 273 3422 rei
294 3357 529 3436 testimonium,
552 3356 698 3443 sigillum
726 3361 876 3422 nostrum
902 3356 1119 3443 praesentibus
1142 3361 1192 3423 est
1214 3379 1271 3444 ep·

224 3479 371 3546 pensum.
425 3457 553 3524 Datum
576 3458 665 3544 apud
688 3455 791 3536 Stok',
814 3456 900 3541 viijo.
925 3456 978 3522 die
1001 3456 1162 3542 Octobris,
1184 3478 1270 3524 anno

224 3558 360 3625 Domini
382 3559 579 3644 supradicto,
602 3563 635 3625 et
658 3557 909 3625 consecrationis
930 3563 1052 3623 nostroe
1074 3557 1199 3643 quinto.
1220 3603 1224 3612 ι

226 3791 440 3872 cma'magistn·
534 3759 703 3839 Ricardus,
746 3759 957 3846 permissione
990 3757 1112 3840 divino,
1146 3758 1419 3876 Duum-pm&

228 3859 410 3912 ‘¹⁰⁸ffi1bffl’·
490 3867 612 3932 mensis
644 3865 821 3954 episcopus,
845 3865 997 3930 omnibus
1019 3865 1062 3931 ed
1085 3885 1167 3951 quos
1189 3885 1270 3951 prus
1285 3880 1415 3973 osffiepm

231 3978 339 4038 sentes
360 3970 466 4038 literae
500 3967 719 4055 pervenerint,
753 3967 899 4032 salutem.
945 3965 1047 4044 Licet,
1074 3967 1115 4031 de
1137 3940 1406 4035 consilioinuim.

229 4074 323 4160 regni
345 4071 485 4158 Angliee,
510 4074 674 4136 statutum
697 4067 749 4146 sit,
764 4065 852 4152 quod
885 4087 953 4132 non
976 4066 1074 4132 liceat
1095 4067 1177 4133 viris
1199 4067 1275 4132 reli·

225 4175 325 4263 giosis
362 4193 418 4238 seu
455 4172 531 4238 aliis
563 4169 693 4258 ingredi
726 4168 858 4234 feodum
881 4166 1028 4251 alicujus,
1049 4167 1098 4232 ite
1120 4169 1208 4255 quod
1229 4169 1273 4234 ed

230 4297 364 4341 manum
387 4279 551 4339 mortuum
574 4271 736 4348 deveniet,
764 4269 834 4334 sine
857 4268 992 4335 licentia
1026 4265 1117 4356 regia
1138 4274 1172 4335 et
1186 4269 1273 4356 capi-

226 4377 303 4442 talis
337 4375 470 4452 domini,
503 4374 632 4459 dequo
657 4393 709 4436 res
740 4371 798 4435 illa
828 4369 1018 4435 immediate
1040 4375 1192 4451 tenetur3
1215 4393 1274 4458 per

225 4479 324 4544 finem
339 4483 451 4542 temen
473 4497 571 4562 quem
594 4475 733 4540 dilectus
755 4472 850 4537 nobis
872 4473 909 4536 in
924 4471 1064 4551 Christo,
1080 4473 1273 4538 Lambertus

593 4625 854 4632 ——---——--
1025 4625 1247 4631 —·—-—--—-.-—
1264 4626 1268 4630 .

580 4699 589 4734 ¹
608 4698 701 4766 tamen]
715 4705 814 4748 tantum
825 4695 851 4748 in
862 4695 919 4748 MS.
