3562 5710
488 802 687 854 nno1srnmr
710 799 911 851 ruarmun
933 800 1173 852 murmurasse.
1265 784 1351 852 1073

134 1003 294 1062 trauan
307 991 452 1059 abbatiae
466 990 642 1078 pradictus,
655 989 696 1054 de
719 988 881 1054 dictorum
895 988 1140 1074 progenitorum
1163 991 1351 1052 nostrorum
1379 998 1503 1046 sums.

304 1093 468 1162 etnostris
479 1091 692 1178 eleemosynis
701 1089 860 1167 fundatae,
875 1088 1148 1155 exhaeredationis
1163 1088 1352 1177 periculum,

302 1217 341 1262 ac
383 1194 577 1272 donationis,
620 1191 870 1268 concessionum,
909 1190 1203 1269 confirmationum,
1240 1191 1354 1257 remis·

303 1296 433 1363 sionum
455 1300 490 1361 et
523 1292 986 1380 quieturum-clomannorum,
1010 1313 1047 1357 ac
1076 1293 1352 1379 appropriationis

303 1396 543 1485 predictarum,
566 1388 808 1478 derogationem
831 1391 1059 1473 manifestam
1083 1393 1203 1479 quibus
1213 1394 1352 1480 ¹quidem

302 1498 514 1584 occupatione
559 1500 593 1560 et
636 1493 875 1580 inquietatione
919 1493 1093 1581 potentiali
1140 1496 1352 1574 cessantibus,

303 1598 433 1686 praefati
455 1597 557 1663 abbas
580 1601 615 1662 et
636 1600 817 1662 conventus
839 1597 876 1659 in
899 1597 1098 1682 possessione
1114 1596 1255 1663 ecclesia
1269 1619 1352 1682 prae-

303 1704 401 1770 dictae
433 1725 468 1768 se
498 1706 687 1788 posuerunt,
720 1706 846 1766 statum
883 1723 979 1767 suum
1016 1702 1195 1789 pristinum
1229 1702 1266 1767 in
1303 1725 1350 1781 ea,

303 1805 428 1870 virtute
459 1802 735 1889 appropriationis
768 1803 941 1888 praedictae,
969 1803 1207 1870 continuantes.
1254 1804 1352 1870 Oum-

304 1928 368 1992 que
390 1904 587 1992 Radulphus
613 1904 703 1969 filius
726 1903 892 1984 willelmi,
916 1926 1004 1970 nnnc
1025 1905 1187 1972 dominus
1213 1906 1352 1972 manerii

304 2007 454 2095 praedicti
492 2007 533 2072 de
571 2005 850 2082 Overccncselive,
886 2006 1020 2072 credens
1053 2007 1352 2093 appropriationem

303 2109 505 2196 praedictam,
543 2107 711 2172 occasione
764 2107 987 2192 occupationis
1035 2107 1213 2192 praedictae,
1250 2109 1352 2174 fuisse

304 2209 518 2289 adnullatam,
557 2214 592 2273 et
629 2207 735 2294 ipsam
767 2207 934 2273 ecelesiam
970 2210 1125 2286 vacasse?
1143 2209 1352 2296 postmodum

304 2311 539 2399 implacitasset
561 2331 670 2375 coram
692 2308 885 2394 justiciariis
908 2311 1028 2376 vestris
1051 2311 1139 2376 infra
1164 2311 1353 2378 libertatem

304 2423 449 2478 vestram
472 2411 737 2488 Dunolmensem,
759 2411 933 2496 praefatum
956 2411 1111 2478 abbatem
1142 2413 1183 2478 de
1214 2415 1353 2480 advoca-

305 2514 397 2579 tione
419 2512 563 2579 ecclesiae
593 2512 779 2598 praedictae3
802 2533 867 2598 quo
890 2513 1023 2598 quidem
1045 2514 1166 2600 placito
1189 2516 1352 2601 pendente
1426 2589 1442 2622 Ι

303 2636 413 2681 coram
428 2614 541 2680 dictis
572 2613 769 2699 justiciariis
815 2613 935 2679 vestris
972 2615 1162 2694 indiscusso,
1197 2617 1352 2703 inspectis
1400 2626 1405 2635 '

304 2716 404 2781 cartis
429 2719 466 2798 et
488 2714 714 2790 munimentis,
745 2736 820 2801 quae
850 2716 950 2781 iidem
973 2717 1075 2783 abbas
1105 2723 1140 2783 et
1169 2722 1352 2784 conventus

167 2809 171 2820 ’
302 2817 427 2882 babent
464 2817 504 2881 de
542 2816 640 2894 dono,
673 2817 941 2895 concessionibus,
975 2818 1281 2885 confirmationibus
1318 2825 1353 2884 et

302 2917 630 3005 quietis-clamanda,
646 2917 823 3004 praedictis,
839 2924 874 2984 et
895 2918 1012 2985 habita
1034 2920 1294 3002 consideratione
1309 2921 1352 2986 ad

301 3020 414 3086 literas
439 3018 581 3106 papales,
598 3039 679 3104 quas
701 3017 854 3084 similiter
875 3020 999 3086 habent
1021 3021 1062 3087 de
1085 3022 1351 3110 appropriatione

302 3121 468 3208 praedicta,
490 3126 524 3186 et
546 3121 647 3186 etiam
675 3121 717 3185 ad
741 3141 911 3186 assensum
934 3123 1085 3208 praedicti
1108 3124 1351 3210 praedecessoris

301 3223 414 3302 vestri,
451 3227 486 3287 et
524 3221 662 3307 capituli
694 3221 853 3309 praedicti,
887 3243 1015 3289 necnon
1041 3225 1084 3288 ad
1114 3225 1278 3290 diutinam
1317 3234 1352 3291 et

302 3325 470 3412 pacificam
492 3324 728 3410 possessionem
744 3345 844 3409 quam
868 3323 968 3389 iidem
990 3324 1093 3390 abbas
1115 3330 1149 3390 et
1171 3331 1352 3392 conventus

303 3429 337 3492 iu
382 3428 474 3493 dicta
512 3425 654 3502 ecclesia,
701 3429 775 3508 post
821 3425 1120 3511 appropriationem
1160 3429 1351 3513 praedictam

301 3528 498 3621 habuerunt,
543 3531 586 3606 st,
631 3525 794 3602 similiter,
832 3525 876 3590 ad
920 3525 1076 3611 injuriam
1114 3527 1168 3605 eis,
1205 3535 1351 3616 tempore

302 3631 483 3696 vacationis
514 3627 656 3694 abbatie
690 3627 866 3714 pmdictae,
898 3631 938 3691 ut
968 3626 1191 3713 praemittitur,
1221 3630 1350 3713 factam,

301 3737 411 3798 totum
431 3731 489 3816 jus
513 3735 548 3794 et
570 3729 730 3795 &meum
753 3749 827 3813 quae
857 3726 984 3807 habuit,
1008 3728 1061 3794 vel
1091 3729 1210 3796 habere
1240 3734 1351 3818 potuit

300 3833 338 3898 in
367 3831 583 3898 advocatione
621 3828 786 3918 praedicta,
823 3849 882 3915 pro
914 3849 949 3894 se
983 3833 1017 3895 et
1050 3829 1236 3898 haeredibus
1272 3835 1350 3913 suis,

302 3956 412 4002 coram
457 3931 603 4019 praefatis
637 3929 831 4017 justiciariis
867 3929 996 4009 vestris,
1033 3931 1198 4017 praedictis
1235 3934 1350 4000 abbati

303 4042 338 4102 et
383 4035 571 4112 conventui,
621 4038 656 4100 ct
700 4054 810 4098 eorum
858 4033 1095 4098 successoribus
1121 4037 1349 4115 'concessisset

302 4136 497 4202 remississet
529 4140 563 4202 et
594 4135 914 4222 quietum-damaset
926 4159 934 4214 ;
970 4155 1029 4220 per
1059 4135 1147 4220 quod
1173 4137 1350 4222 justiciarii

302 4238 406 4304 vestri
428 4237 580 4325 praedicti
603 4237 645 4302 ad
675 4235 907 4322 inquirendum
930 4239 1044 4303 utrum
1075 4237 1187 4322 eliqua
1216 4239 1349 4305 collusio

303 4340 395 4404 inter
419 4339 507 4425 ipsos
541 4337 694 4403 abbatem
727 4347 761 4402 et
795 4335 1007 4422 Radulphum
1045 4357 1143 4423 super
1164 4337 1226 4405 hoc
1247 4340 1349 4406 inter-

303 4439 460 4519 venisset,
483 4443 523 4504 ut
546 4438 591 4504 sic
622 4437 713 4502 fraus
735 4436 830 4502 fieret
853 4437 989 4503 Statuto
1011 4435 1060 4503 De
1084 4437 1184 4504 tertia
1210 4447 1241 4506 at
1262 4447 1349 4507 tauc-

303 4542 427 4608 mcatis
460 4539 507 4607 cd
539 4561 687 4623 promum
722 4546 896 4606 mortuom
932 4560 1004 4606 oco
1042 4539 1215 4626 portendis
1250 4544 1348 4622 edito,

302 4664 346 4708 an
380 4665 460 4724 non,
494 4646 727 4732 processerunt,
759 4647 793 4708 et
821 4647 985 4729 comperto
1016 4663 1074 4730 per
1102 4641 1348 4728 inquisitionem

392 4761 470 4812 vol.
495 4761 532 4813 11.
1161 4761 1217 4810 00
