3570 5718
387 780 453 842 894
564 791 762 842 neamus
786 791 988 842 nimrim
1011 788 1255 839 suammet.

234 989 357 1036 enarra
386 1000 444 1065 per
465 979 566 1045 breve
588 985 746 1058 vestrum,
767 1001 882 1046 verens
902 978 1108 1044 Willclmnm
1129 977 1171 1043 dc
1193 975 1350 1057 Kellave,
1371 974 1612 1041 lii-Aeliu

385 1080 537 1146 cholcnm
559 1082 601 1148 de
617 1081 774 1162 Kellave,
790 1088 825 1147 et
839 1079 1029 1147 Johnnnem
1043 1080 1086 1145 de
1109 1077 1267 1158 Kellswe,
1281 1079 1433 1144 custodes

385 1189 548 1249 terrarum
569 1182 742 1262 Johannis,
763 1183 877 1248 fratris
901 1187 937 1248 et
956 1181 1098 1248 haeredis
1124 1180 1257 1246 Ricardi
1282 1180 1324 1245 de
1346 1180 1433 1245 Her-

384 1305 463 1370 pyn‚
485 1285 619 1351 tertiam
641 1291 770 1372 partem
791 1284 964 1352 duodecim
978 1282 1245 1369 mcmnegiornm,
1262 1281 1434 1348 dnodedm

385 1387 580 1453 bovatnmm
613 1391 720 1468 terrae,
753 1391 794 1452 et'
818 1388 931 1452 decem
961 1390 999 1451 et
1028 1389 1153 1472 septem
1186 1384 1433 1450 denariatumm

383 1488 540 1569 redditus,
556 1509 632 1555 cnm
654 1489 872 1576 pertinentiis,
888 1489 925 1552 in
947 1485 1097 1552 Mordon'
1108 1512 1118 1568 ;
1140 1491 1175 1551 et
1197 1485 1334 1551 tertiam
1356 1507 1432 1572 par·

383 1593 451 1654 tem
473 1590 613 1656 duorum
635 1591 902 1678 messuagiorum,
917 1595 953 1656 et
967 1590 1107 1655 duarum
1129 1588 1276 1676 partium
1291 1588 1432 1653 duarum

383 1711 532 1758 amarum
562 1697 668 1770 tcrrae,
692 1698 728 1758 et
757 1691 856 1758 nnius
888 1691 1080 1772 molendini,
1110 1712 1187 1758 cum
1209 1690 1433 1777 pertinentiis,

383 1793 420 1857 in
441 1795 557 1859 eadem
578 1793 682 1872 villa3
703 1799 738 1860 et
759 1793 907 1864 tertiam,
919 1798 1048 1880 partem
1073 1798 1215 1880 quatuor
1236 1791 1431 1858 libratarum

384 1900 420 1960 et
448 1896 560 1963 decem
596 1895 813 1962 solidatnrum
850 1895 1010 1974 redditus,
1033 1916 1110 1962 cum
1146 1893 1365 1981 pertinentiis,
1395 1894 1432 1958 in

385 1995 565 2078 Sbirburn’,
586 1996 803 2064 Burseblades
833 2003 868 2064 et
897 1997 1084 2079 Dnnclmo;
1106 2003 1141 2062 et
1166 1997 1277 2073 etiam,
1298 1997 1432 2061 tertiam

384 2104 512 2186 partem
547 2099 688 2166 duarum
719 2100 867 2188 partium
898 2099 1120 2165 maneriorum
1152 2098 1194 2164 dc
1219 2097 1430 2163 Themelawe

384 2207 420 2268 et
436 2199 689 2281 Konokeheved,
704 2223 779 2268 cum
800 2201 1035 2288 pertinentiis;
1056 2207 1096 2266 nt
1112 2199 1225 2266 dotem
1239 2221 1340 2278 suam,
1355 2221 1431 2286 qum

385 2324 458 2369 eam
491 2304 656 2391 contingit
679 2302 721 2369 de
746 2303 851 2369 libero
873 2308 1062 2370 tenemento
1084 2303 1172 2390 qnod
1194 2301 1261 2367 fnit
1281 2301 1432 2389 praedicti

385 2405 528 2484 Ricardi,
551 2406 716 2493 quondam
738 2405 804 2470 viri
835 2406 896 2485 sni,
919 2406 956 2470 in
978 2404 1102 2471 eisdem
1133 2403 1241 2485 villis3
1272 2408 1308 2469 et
1329 2404 1428 2469 iidem

386 2507 579 2588 Willelmus,
595 2507 776 2576 Nioholaus
803 2512 838 2573 et
851 2507 875 2574 J
877 2508 1030 2585 ohannes,
1046 2507 1088 2573 dc
1104 2506 1252 2572 Kellcwe
1266 2506 1304 2571 in
1319 2505 1433 2571 eadem

385 2609 477 2674 curia
498 2609 741 2696 respondissent
771 2610 877 2698 ipsam
907 2611 1027 2675 Loram
1057 2609 1168 2675 dotem
1201 2607 1279 2673 inde
1309 2607 1430 2674 habere

384 2731 452 2776 non
476 2710 601 2796 debere,
624 2732 663 2778 eo
693 2712 781 2798 quod
813 2713 886 2798 ipsa
916 2711 1053 2798 praefato
1086 2711 1228 2777 Ricardo
1258 2731 1429 2796 nunquam

385 2812 612 2901 fuitfllegitimo
634 2814 852 2895 matrimonio,
868 2819 908 2880 ut
922 2812 1084 2895 dicebant,
1101 2813 1275 2900 copulata3
1297 2813 1428 2878 eadem·

385 2936 448 3000 que
470 2915 562 2992 Lora,
586 2915 710 2981 ibidem
732 2915 910 3003 allegando,
934 2915 1155 3003 proposuisset
1178 2937 1213 2982 se
1234 2937 1293 3002 per
1313 2915 1428 3000 hujus-

385 3017 474 3082 modi
496 3037 688 3104 responsum
710 3018 754 3084 ab
782 3017 911 3084 actione
941 3017 1031 3085 dotis
1060 3039 1129 3085 suae
1151 3039 1221 3084 non
1242 3017 1360 3083 debere
1381 3039 1431 3083 re·

384 3117 472 3204 pelli,
495 3139 533 3184 eo
556 3119 645 3206 quod
666 3119 740 3206 ipsa
753 3120 789 3185 in
804 3119 940 3188 ecelesia
962 3120 1003 3185 de
1021 3119 1181 3206 Essheby,
1197 3119 1433 3186 Linoolniensis

386 3219 543 3301 dioecesis,
567 3220 634 3287 fuit
663 3220 767 3286 eidem
798 3221 939 3287 Ricardo
970 3221 1172 3308 desponsata,
1197 3226 1232 3287 et
1254 3221 1342 3308 quod
1372 3221 1434 3288 hoc

386 3328 504 3410 parata
526 3326 585 3401 est,
615 3322 673 3388 ubi
702 3327 737 3390 et
759 3323 891 3410 quando
915 3323 1075 3404 debuerit,
1098 3325 1266 3390 verificare
1277 3349 1286 3404 ;
1309 3345 1346 3389 ac
1368 3324 1433 3388 dis·

387 3425 492 3492 cnssm
530 3429 716 3492 contractus
754 3425 955 3491 matrimonii
992 3426 1029 3490 in
1061 3425 1251 3511 hujusmodi
1281 3446 1357 3492 casu
1390 3425 1434 3491 ad

388 3527 497 3614 ipsum
512 3527 700 3614 episcopum
722 3532 849 3615 spectat
871 3528 907 3592 in
922 3527 1015 3612 cujus
1038 3526 1170 3593 dioecesi
1185 3525 1431 3592 matrimonium

267 3671 272 3686 ·
320 3669 326 3684 ·
389 3629 473 3694 illud
496 3630 617 3695 dicitur
638 3629 739 3695 fuisse
765 3633 992 3709 contractum
1025 3633 1060 3694 et
1081 3627 1245 3694 notorium
1267 3627 1321 3708 sit,
1344 3627 1433 3714 quod

388 3730 547 3816 praedicta
568 3729 715 3796 dioecesis
745 3729 983 3796 Linoolniensis
1009 3735 1106 3797 extm
1126 3729 1249 3796 limites
1270 3729 1435 3794 libertatis

388 3836 506 3898 vestrae
528 3830 695 3918 praedictas
717 3830 840 3910 existit,
857 3837 891 3898 ct
912 3831 1010 3898 nobis
1025 3831 1167 3913 subdita,
1182 3832 1219 3896 in
1240 3833 1302 3899 hac
1321 3835 1436 3920 parte,

366 3929 446 4020 'per
468 3933 556 4020 quod
578 3955 646 4014 nos,
671 3933 729 4019 qui
752 3933 893 4021 singulis
923 3934 965 4001 de
999 3956 1101 4021 regno
1131 3939 1245 4001 nostro
1266 3955 1378 4000 sumus
1399 3934 1435 3998 in

388 4037 580 4102 executione
591 4035 735 4120 justitiae
750 4036 922 4114 debitores,
933 4037 1081 4124 praefatae
1097 4036 1192 4103 Lorse
1207 4036 1244 4101 in
1259 4036 1435 4123 praemissis

388 4137 424 4201 in
442 4137 577 4223 justitia
599 4137 786 4202 exhibenda
815 4138 926 4204 deesse
955 4159 1023 4203 non
1053 4159 1234 4225 possumus,
1258 4161 1319 4206 nec
1341 4138 1436 4204 debe-

388 4261 481 4320 mus;
503 4239 598 4306 vobis
620 4239 895 4319 mandaverimus,
917 4241 1015 4326 quod,
1038 4239 1066 4304 si
1088 4241 1138 4305 ita
1164 4245 1258 4319 esset,
1282 4245 1362 4305 tunc
1384 4260 1434 4304 re·

388 4342 521 4407 cordum
544 4347 578 4407 et
593 4361 778 4427 processum
792 4341 930 4429 loquelae
945 4340 1120 4428 predicte,
1136 4363 1212 4409 oum
1227 4341 1378 4408 omuibus
1394 4359 1432 4406 ea

387 4442 603 4528 tangentibus
614 4442 810 4527 justiciariis
833 4445 964 4526 nostris,
987 4442 1076 4530 apud
1095 4442 1434 4522 westmonasterium,

388 4565 408 4607 a
430 4544 484 4608 die
508 4543 622 4609 Sancti
644 4543 814 4610 Michaelis
835 4545 871 4610 in
891 4567 995 4611 unum
1018 4567 1162 4610 mensem
1186 4547 1336 4631 proximo
1352 4567 1435 4632 prae·

389 4644 497 4720 terito,
513 4643 690 4711 mitteretis
702 4669 710 4726 ;
733 4667 791 4712 vos
813 4646 960 4731 praefatis
977 4645 1176 4731 justiciariis
1199 4648 1330 4726 nostris,
1347 4645 1436 4734 apud
