3566 5712
518 847 718 898 smlsnsuu
741 845 946 897 snmnuuu
969 848 1213 898 ouunmnusn.
1326 833 1392 904 973

167 1028 468 1109 Anssnimavestris,
490 1034 571 1095 tunc
593 1028 654 1094 hoc
676 1030 783 1095 breve.
839 1029 944 1108 Teste,
968 1029 1018 1096 W.
1043 1030 1083 1095 de
1114 1029 1276 1108 Norwioo,
1306 1029 1394 1114 apud
1424 1043 1480 1087 nl).
1489 1045 1547 1086 181³.

339 1128 676 1210 westmonasterium,
714 1131 786 1216 xijo.
824 1131 877 1196 die
915 1131 1125 1214 Novembris,
1170 1153 1258 1197 anno
1301 1131 1394 1218 regni

339 1233 447 1299 nostri
469 1232 621 1320 septimo.

338 1419 476 1520 Rem
549 1435 709 1521 Magister
731 1434 916 1500 Wilielmus
942 1437 983 1501 de
1007 1435 1223 1523 Parlington',
1247 1435 1392 1522 clericus,
1407 1450 1533 1543 &aas
1613 1409 1620 1424 ⁰

338 1535 458 1598 ejusdem.
503 1559 570 1603 non
607 1538 708 1604 habet
745 1539 878 1623 aliquod
909 1539 1105 1604 beneficium
1140 1538 1392 1606 ecclesiasticum
1407 1551 1542 1602 soinswrit

337 1635 374 1698 in
395 1637 528 1707 dioecesi
550 1645 671 1722 nostra,
694 1661 752 1726 per
775 1642 862 1726 quod
885 1641 1040 1729 distringi
1062 1645 1181 1728 potest.

337 1878 418 1930 Breve
453 1881 519 1946 ,effi-⁸
559 1898 603 1946 pro
681 1842 874 1920 Edwardus,
908 1843 972 1908 Dei
1009 1843 1125 1929 gratia,
1160 1865 1219 1910 rex
1252 1843 1392 1929 Angliae,
1406 1848 1561 1942 mins}

336 1946 456 2026 megisuo
473 1947 603 2039 hospitans
636 1944 789 2010 dominus
819 1944 1000 2023 Hiberniae,
1024 1951 1059 2011 et
1089 1945 1160 2010 dux
1191 1945 1391 2030 Aquitaniae,
1405 1913 1553 2042 fflffi}

337 2013 520 2065 desursum.
637 2045 820 2111 venerabili
857 2045 894 2108 in
933 2045 1066 2111 Christo
1103 2047 1201 2132 patri,
1222 2045 1391 2122 *Ricardo
1406 2049 1567 2142 {ssgfffflf

337 2145 451 2211 eadem
473 2147 591 2233 gratia,
621 2147 773 2234 episcopo
804 2147 1033 2225 Dunolmcnsi,
1057 2147 1205 2213 salutem.
1263 2146 1392 2224 Sciatis,
1405 2149 1494 2192 “Shir
1510 2161 1563 2192 um.

337 2249 426 2331 quod
447 2249 604 2336 magister
633 2249 809 2335 hospitalis
832 2249 873 2313 de
898 2247 1072 2314 Shirburn’
1096 2248 1197 2314 solvit
1219 2249 1325 2326 nobis,
1349 2247 1391 2313 ad

339 2347 542 2414 Scacearium
574 2355 733 2427 nostrum,
755 2351 799 2436 vj.
810 2350 845 2416 le'.
873 2350 951 2415 ins.
983 2350 1027 2414 ix.
1041 2349 1071 2414 d.
1096 2371 1161 2435 qu,
1186 2371 1267 2437 quos
1298 2349 1394 2414 nobis

338 2449 454 2515 debuit
491 2451 532 2516 ds
567 2451 812 2536 quintadecima
843 2451 938 2516 nobis
969 2473 990 2516 a
1020 2451 1106 2516 clero
1147 2450 1234 2536 apud
1269 2451 1394 2515 North-

337 2553 482 2638 ampton’
506 2574 663 2619 concessa.
711 2552 757 2616 Et
780 2552 854 2617 ideo
877 2552 972 2618 vobis
1001 2551 1204 2632 mandamus,
1229 2552 1318 2637 quod
1341 2553 1395 2617 de-

338 2653 478 2734 mandae,
502 2675 610 2740 quam,
640 2655 682 2719 ed
706 2654 901 2719 mandatum
924 2660 1082 2730 nostrum,
1105 2652 1213 2718 facitis
1236 2653 1395 2740 magistro

338 2753 521 2840 Hospitalis
543 2755 702 2840 praedicti,
719 2754 759 2820 de
775 2755 919 2820 denariis
941 2755 1117 2842 praedictis,
1134 2755 1267 2820 omnino
1283 2776 1395 2840 super-

337 2856 499 2935 sedeatis3
532 2862 566 2920 et
589 2861 803 2941 sequestrum,
827 2857 855 2921 si
878 2857 966 2942 quod
987 2857 1024 2920 in
1055 2857 1150 2922 bonis
1171 2857 1394 2922 ecelesiasticis

337 2957 440 3042 ipsius
462 2957 644 3044 hospitalis,
663 2979 707 3038 ¹aa
729 2958 905 3036 occasione,
921 2959 1044 3044 apponi
1067 2957 1217 3036 feceritis,
1241 2959 1311 3023 sine
1343 2958 1393 3021 di-

336 3057 460 3124 latione
482 3058 624 3123 relaxari
648 3059 777 3125 faciatis
799 3059 915 3126 eidem.
961 3060 1066 3137 Teste,
1089 3060 1140 3125 W.
1164 3061 1205 3126 de
1229 3059 1391 3137 Neruico,

337 3162 426 3247 apud
464 3159 804 3241 westmonasterium,
843 3162 927 3246 xvjo.
966 3162 1019 3226 dic
1058 3161 1267 3238 Novembris,
1305 3183 1392 3225 anno

337 3262 430 3349 regni
452 3262 557 3328 nostri
580 3262 839 3348 septimo-Per
861 3283 962 3329 unam
984 3263 1114 3329 talliam
1136 3263 1177 3327 de
1201 3263 1376 3328 Scaocario.

338 3473 419 3523 Breve
446 3473 512 3538 regis
534 3488 581 3537 pro
666 3463 859 3540 Edwardus
902 3463 965 3527 Dei
1002 3462 1119 3547 gratia,
1155 3483 1214 3526 rex
1252 3460 1392 3546 Angliae‚
1405 3473 1541 3568 making}

338 3540 581 3670 ffitfpffiaffi
621 3565 773 3630 dominus
807 3564 989 3642 Hibcmiae,
1023 3569 1056 3626 et
1091 3563 1159 3627 dux
1191 3562 1391 3646 Aquitaniae,
1405 3525 1556 3666 Ξξίιέἓξῖιιιο

338 3645 486 3736 respeitum.
620 3667 802 3732 venerabili
832 3667 869 3728 in
892 3665 1023 3730 Christo
1046 3663 1142 3749 patri,
1166 3663 1316 3742 Ricardo,
1340 3684 1393 3727 ea-
1407 3637 1524 3726 suevis.

339 3755 415 3836 deni
438 3771 552 3858 gretia,
576 3770 726 3856 episcopo
750 3766 974 3846 Dunolmensi,
999 3765 1145 3830 salutem.
1194 3764 1391 3829 Mandemus

338 3873 441 3954 vobis,
464 3873 552 3958 quod
577 3870 785 3936 exactionem
808 3867 982 3954 quemad
1012 3867 1208 3931 mandatum
1230 3870 1390 3943 nostrum,

338 3974 410 4039 fieri
440 3974 549 4039 facitis
575 3972 689 4038 abbati
722 3970 762 4035 de
780 3968 972 4053 ·Alnewyk',
995 3989 1141 4055 personas
1176 3965 1317 4032 ecclesiae
1351 3966 1392 4031 de
1451 4013 1456 4024 .

338 4076 530 4156 Leeeboure,
547 4076 588 4140 de
603 4075 673 4159 xiij.
684 4073 720 4138 u.
737 4071 797 4156 iiij.
808 4093 831 4136 s.
847 4071 906 4155 iiij.
918 4070 960 4148 ct,
975 4071 1016 4136 ds
1040 4069 1187 4135 subsidio
1202 4068 1391 4132 medietatis

338 4177 471 4242 domino
501 4175 674 4256 Edwards,
700 4172 865 4260 quondam
895 4171 965 4258 regi
987 4171 1127 4257 Anglias
1152 4169 1239 4256 patri
1268 4174 1391 4246 nostro,

338 4300 359 4343 a
381 4280 466 4344 clero
488 4277 614 4343 dudum
638 4297 807 4351 concessae,
829 4273 866 4338 in
888 4274 1077 4359 episcopatu
1092 4277 1201 4336 vestro
1224 4271 1390 4357 praedicto,

338 4381 470 4467 ponatis
492 4379 529 4444 in
550 4383 734 4465 respectum
757 4397 862 4461 usque
884 4376 926 4440 ad
955 4373 1155 4460 quindenam
1178 4372 1294 4438 Sancti
1316 4372 1392 4435 Hil-

338 4483 413 4546 larii
452 4480 602 4568 proximo
640 4479 810 4558 futuram;
853 4482 888 4540 ct
925 4480 1138 4561 sequestrum,
1173 4475 1201 4540 si
1233 4473 1321 4560 quod
1355 4473 1392 4537 in

294 4638 302 4654 .
338 4584 473 4651 eeclesia
495 4605 555 4649 sua
577 4581 736 4669 praedicte
759 4601 798 4644 ea
827 4577 993 4643 occasione
1023 4576 1144 4663 apponi
1167 4576 1317 4654 feceritis,
1340 4577 1392 4640 in·

338 4686 437 4752 terim
456 4679 598 4752 remus
620 4681 749 4750 faciatis
771 4680 886 4746 eidem.
933 4678 1038 4758 Teste,
1052 4678 1084 4744 J.
1100 4678 1141 4744 de
1158 4677 1280 4759 Insula,
1304 4679 1391 4764 apud
