<?xml version="1.0" encoding="UTF-8"?>
<!DOCTYPE html PUBLIC "-//W3C//DTD XHTML 1.0 Transitional//EN"
    "http://www.w3.org/TR/xhtml1/DTD/xhtml1-transitional.dtd">
<html xmlns="http://www.w3.org/1999/xhtml" xml:lang="en" lang="en">
 <head>
  <title>
</title>
<meta http-equiv="Content-Type" content="text/html;charset=utf-8" />
  <meta name='ocr-system' content='tesseract 3.04.00' />
  <meta name='ocr-capabilities' content='ocr_page ocr_carea ocr_par ocr_line ocrx_word'/>
</head>
<body>
  <div class='ocr_page' id='page_1' title='image "./registrumpalati00kellgoog_0572.png"; bbox 0 0 3524 5716; ppageno 0'>
   <div class='ocr_carea' id='block_1_1' title="bbox 249 1034 370 1078">
    <p class='ocr_par' dir='ltr' id='par_1_1' title="bbox 249 1034 370 1078">
     <span class='ocr_line' id='line_1_1' title="bbox 249 1034 370 1078; baseline 0.008 -1"><span class='ocrx_word' id='word_1_1' title='bbox 249 1034 305 1078; x_wconf 68' lang='lat' dir='ltr'>al).</span> <span class='ocrx_word' id='word_1_2' title='bbox 314 1037 370 1078; x_wconf 75' lang='lat'>1³12.</span> 
     </span>
    </p>
   </div>
   <div class='ocr_carea' id='block_1_2' title="bbox 230 1637 363 1748">
    <p class='ocr_par' dir='ltr' id='par_1_2' title="bbox 230 1637 363 1748">
     <span class='ocr_line' id='line_1_2' title="bbox 230 1637 363 1748; baseline -0.015 -16"><span class='ocrx_word' id='word_1_3' title='bbox 230 1637 363 1748; x_wconf 51' lang='lat' dir='ltr'>wilti</span> 
     </span>
    </p>
   </div>
   <div class='ocr_carea' id='block_1_3' title="bbox 401 817 1267 878">
    <p class='ocr_par' dir='ltr' id='par_1_3' title="bbox 401 817 1267 878">
     <span class='ocr_line' id='line_1_3' title="bbox 401 817 1267 878; baseline 0 0"><span class='ocrx_word' id='word_1_4' title='bbox 401 817 486 878; x_wconf 87' lang='lat'>1188</span> <span class='ocrx_word' id='word_1_5' title='bbox 577 827 775 878; x_wconf 67' lang='lat' dir='ltr'>numeratu</span> <span class='ocrx_word' id='word_1_6' title='bbox 799 827 999 878; x_wconf 72' lang='lat' dir='ltr'>ramnum</span> <span class='ocrx_word' id='word_1_7' title='bbox 1021 826 1267 878; x_wconf 73' lang='lat' dir='ltr'>Duuenuuusn</span> 
     </span>
    </p>
   </div>
   <div class='ocr_carea' id='block_1_4' title="bbox 398 1017 1628 1512">
    <p class='ocr_par' dir='ltr' id='par_1_4' title="bbox 398 1017 1628 1512">
     <span class='ocr_line' id='line_1_4' title="bbox 398 1017 1628 1105; baseline -0.007 -20"><span class='ocrx_word' id='word_1_8' title='bbox 398 1020 548 1098; x_wconf 89' lang='lat' dir='ltr'>testibus,</span> <span class='ocrx_word' id='word_1_9' title='bbox 564 1019 740 1105; x_wconf 83' lang='lat' dir='ltr'>magistris,</span> <span class='ocrx_word' id='word_1_10' title='bbox 771 1019 820 1086; x_wconf 93' lang='lat' dir='ltr'>W.</span> <span class='ocrx_word' id='word_1_11' title='bbox 851 1020 892 1084; x_wconf 91' lang='lat' dir='ltr'>de</span> <span class='ocrx_word' id='word_1_12' title='bbox 930 1017 1053 1085; x_wconf 84' lang='lat' dir='ltr'>Sancto</span> <span class='ocrx_word' id='word_1_13' title='bbox 1092 1017 1269 1104; x_wconf 91' lang='lat' dir='ltr'>Botulpho,</span> <span class='ocrx_word' id='word_1_14' title='bbox 1292 1018 1367 1082; x_wconf 90' lang='lat' dir='ltr'>Ada</span> <span class='ocrx_word' id='word_1_15' title='bbox 1405 1017 1446 1082; x_wconf 94' lang='lat' dir='ltr'>de</span> <span class='ocrx_word' id='word_1_16' title='bbox 1459 1035 1628 1088; x_wconf 59' lang='lat' dir='ltr'>namma.</span> 
     </span>
     <span class='ocr_line' id='line_1_5' title="bbox 399 1118 1448 1199; baseline -0.004 -13"><span class='ocrx_word' id='word_1_17' title='bbox 399 1120 549 1199; x_wconf 74' lang='lat' dir='ltr'>Driffeld</span> <span class='ocrx_word' id='word_1_18' title='bbox 578 1120 720 1185; x_wconf 88' lang='lat' dir='ltr'>dominis</span> <span class='ocrx_word' id='word_1_19' title='bbox 754 1119 881 1185; x_wconf 83' lang='lat' dir='ltr'>Thema</span> <span class='ocrx_word' id='word_1_20' title='bbox 914 1120 954 1185; x_wconf 91' lang='lat' dir='ltr'>de</span> <span class='ocrx_word' id='word_1_21' title='bbox 1000 1120 1190 1196; x_wconf 86' lang='lat' dir='ltr'>Leuesham,</span> <span class='ocrx_word' id='word_1_22' title='bbox 1224 1118 1366 1184; x_wconf 87' lang='lat' dir='ltr'>Ricardo</span> <span class='ocrx_word' id='word_1_23' title='bbox 1407 1118 1448 1182; x_wconf 89' lang='lat' dir='ltr'>de</span> 
     </span>
     <span class='ocr_line' id='line_1_6' title="bbox 400 1219 1448 1302; baseline -0.003 -15"><span class='ocrx_word' id='word_1_24' title='bbox 400 1221 591 1300; x_wconf 83' lang='lat' dir='ltr'>Hoverton’,</span> <span class='ocrx_word' id='word_1_25' title='bbox 607 1222 741 1300; x_wconf 85' lang='lat' dir='ltr'>clericis,</span> <span class='ocrx_word' id='word_1_26' title='bbox 757 1221 904 1287; x_wconf 82' lang='lat' dir='ltr'>Gilberto</span> <span class='ocrx_word' id='word_1_27' title='bbox 920 1222 961 1287; x_wconf 89' lang='lat' dir='ltr'>de</span> <span class='ocrx_word' id='word_1_28' title='bbox 977 1220 1150 1302; x_wconf 85' lang='lat' dir='ltr'>Heworth,</span> <span class='ocrx_word' id='word_1_29' title='bbox 1168 1221 1283 1299; x_wconf 91' lang='lat' dir='ltr'>milite,</span> <span class='ocrx_word' id='word_1_30' title='bbox 1300 1219 1448 1286; x_wconf 89' lang='lat' dir='ltr'>Waltero</span> 
     </span>
     <span class='ocr_line' id='line_1_7' title="bbox 399 1321 1450 1404; baseline -0.002 -15"><span class='ocrx_word' id='word_1_31' title='bbox 399 1325 441 1390; x_wconf 89' lang='lat' dir='ltr'>de</span> <span class='ocrx_word' id='word_1_32' title='bbox 465 1323 661 1402; x_wconf 88' lang='lat' dir='ltr'>Bermeton’‚</span> <span class='ocrx_word' id='word_1_33' title='bbox 678 1323 844 1390; x_wconf 86' lang='lat' dir='ltr'>Willelrno</span> <span class='ocrx_word' id='word_1_34' title='bbox 860 1323 998 1402; x_wconf 84' lang='lat' dir='ltr'>Pollard,</span> <span class='ocrx_word' id='word_1_35' title='bbox 1016 1323 1180 1390; x_wconf 89' lang='lat' dir='ltr'>Willelmo</span> <span class='ocrx_word' id='word_1_36' title='bbox 1204 1323 1245 1388; x_wconf 89' lang='lat' dir='ltr'>de</span> <span class='ocrx_word' id='word_1_37' title='bbox 1268 1321 1450 1404; x_wconf 83' lang='lat' dir='ltr'>Ionesdal&#39;,</span> 
     </span>
     <span class='ocr_line' id='line_1_8' title="bbox 401 1424 1018 1512; baseline 0.002 -22"><span class='ocrx_word' id='word_1_38' title='bbox 401 1425 548 1492; x_wconf 88' lang='lat' dir='ltr'>Waltero</span> <span class='ocrx_word' id='word_1_39' title='bbox 569 1427 611 1491; x_wconf 92' lang='lat' dir='ltr'>de</span> <span class='ocrx_word' id='word_1_40' title='bbox 634 1425 855 1512; x_wconf 86' lang='lat' dir='ltr'>Lutryngton,</span> <span class='ocrx_word' id='word_1_41' title='bbox 879 1429 914 1490; x_wconf 89' lang='lat' dir='ltr'>et</span> <span class='ocrx_word' id='word_1_42' title='bbox 935 1424 1018 1491; x_wconf 88' lang='lat' dir='ltr'>aliis.</span> 
     </span>
    </p>
   </div>
   <div class='ocr_carea' id='block_1_5' title="bbox 400 1625 1448 1723">
    <p class='ocr_par' dir='ltr' id='par_1_5' title="bbox 400 1625 1448 1723">
     <span class='ocr_line' id='line_1_9' title="bbox 400 1625 1448 1723; baseline -0.005 -23"><span class='ocrx_word' id='word_1_43' title='bbox 400 1660 478 1712; x_wconf 60' lang='lat' dir='ltr'>cm,</span> <span class='ocrx_word' id='word_1_44' title='bbox 499 1657 590 1723; x_wconf 79' lang='lat' dir='ltr'>prioris</span> <span class='ocrx_word' id='word_1_45' title='bbox 606 1667 632 1710; x_wconf 66' lang='lat'>0,</span> <span class='ocrx_word' id='word_1_46' title='bbox 712 1625 886 1695; x_wconf 85' lang='lat' dir='ltr'>Universis</span> <span class='ocrx_word' id='word_1_47' title='bbox 927 1628 1052 1694; x_wconf 75' lang='lat' dir='ltr'><strong>Christi</strong></span> <span class='ocrx_word' id='word_1_48' title='bbox 1089 1628 1241 1694; x_wconf 88' lang='lat' dir='ltr'>fidelibus</span> <span class='ocrx_word' id='word_1_49' title='bbox 1271 1633 1448 1716; x_wconf 80' lang='lat' dir='ltr'>praesentes</span> 
     </span>
    </p>
   </div>
   <div class='ocr_carea' id='block_1_6' title="bbox 231 1726 1448 1855">
    <p class='ocr_par' dir='ltr' id='par_1_6' title="bbox 231 1726 1448 1855">
     <span class='ocr_line' id='line_1_10' title="bbox 231 1726 1448 1832; baseline 0.008 -46"><span class='ocrx_word' id='word_1_50' title='bbox 231 1740 262 1830; x_wconf 51' lang='lat'><strong>3</strong></span> <span class='ocrx_word' id='word_1_51' title='bbox 263 1738 387 1832; x_wconf 48' lang='lat' dir='ltr'>3¹¹3,ssssssss</span> <span class='ocrx_word' id='word_1_52' title='bbox 399 1733 541 1804; x_wconf 68' lang='lat' dir='ltr'>convertur</span> <span class='ocrx_word' id='word_1_53' title='bbox 560 1726 633 1804; x_wconf 68' lang='lat' dir='ltr'>Dup·</span> <span class='ocrx_word' id='word_1_54' title='bbox 669 1729 781 1795; x_wconf 82' lang='lat' dir='ltr'>literas</span> <span class='ocrx_word' id='word_1_55' title='bbox 804 1729 1011 1816; x_wconf 89' lang='lat' dir='ltr'>inspecturis,</span> <span class='ocrx_word' id='word_1_56' title='bbox 1035 1729 1206 1808; x_wconf 85' lang='lat' dir='ltr'>Ricardus,</span> <span class='ocrx_word' id='word_1_57' title='bbox 1235 1729 1448 1817; x_wconf 82' lang='lat' dir='ltr'>permissione</span> 
     </span>
     <span class='ocr_line' id='line_1_11' title="bbox 399 1791 701 1855; baseline 0.017 -15"><span class='ocrx_word' id='word_1_58' title='bbox 399 1791 636 1855; x_wconf 81' lang='lat' dir='ltr'>olmenarumdepra-</span> <span class='ocrx_word' id='word_1_59' title='bbox 694 1831 701 1845; x_wconf 95' lang='lat'><em>.</em></span> 
     </span>
    </p>
   </div>
   <div class='ocr_carea' id='block_1_7' title="bbox 231 1838 530 1932">
    <p class='ocr_par' dir='ltr' id='par_1_7' title="bbox 231 1838 530 1932">
     <span class='ocr_line' id='line_1_12' title="bbox 231 1838 530 1932; baseline -0.003 -23"><span class='ocrx_word' id='word_1_60' title='bbox 231 1838 375 1932; x_wconf 52' lang='lat' dir='ltr'>ffifflffl’</span> <span class='ocrx_word' id='word_1_61' title='bbox 403 1857 472 1909; x_wconf 86' lang='lat' dir='ltr'>caria</span> <span class='ocrx_word' id='word_1_62' title='bbox 499 1859 530 1909; x_wconf 88' lang='lat' dir='ltr'>de</span> 
     </span>
    </p>
   </div>
   <div class='ocr_carea' id='block_1_8' title="bbox 230 1938 362 2132">
    <p class='ocr_par' dir='ltr' id='par_1_8' title="bbox 230 1938 362 2132">
     <span class='ocr_line' id='line_1_13' title="bbox 230 1938 341 1982; baseline 0.018 -2"><span class='ocrx_word' id='word_1_63' title='bbox 230 1949 246 1980; x_wconf 77' lang='lat' dir='ltr'>a</span> <span class='ocrx_word' id='word_1_64' title='bbox 254 1938 341 1982; x_wconf 67' lang='lat' dir='ltr'>merul</span> 
     </span>
     <span class='ocr_line' id='line_1_14' title="bbox 231 1988 362 2083; baseline -0.061 -1"><span class='ocrx_word' id='word_1_65' title='bbox 231 1988 362 2083; x_wconf 62' lang='lat' dir='ltr'>tamt.</span> 
     </span>
     <span class='ocr_line' id='line_1_15' title="bbox 293 2101 323 2132; baseline 0 0"><span class='ocrx_word' id='word_1_66' title='bbox 293 2101 323 2132; x_wconf 73' lang='lat' dir='ltr'>an</span> 
     </span>
    </p>
   </div>
   <div class='ocr_carea' id='block_1_9' title="bbox 399 1831 1448 2020">
    <p class='ocr_par' dir='ltr' id='par_1_9' title="bbox 399 1831 1448 2020">
     <span class='ocr_line' id='line_1_16' title="bbox 548 1831 1447 1919; baseline -0.003 -20"><span class='ocrx_word' id='word_1_67' title='bbox 548 1858 636 1908; x_wconf 79' lang='lat' dir='ltr'>Heek-</span> <span class='ocrx_word' id='word_1_68' title='bbox 669 1831 793 1912; x_wconf 79' lang='lat' dir='ltr'>drvins,</span> <span class='ocrx_word' id='word_1_69' title='bbox 832 1831 1065 1897; x_wconf 87' lang='lat' dir='ltr'>Dunolmensis</span> <span class='ocrx_word' id='word_1_70' title='bbox 1097 1832 1277 1919; x_wconf 88' lang='lat' dir='ltr'>episcopus,</span> <span class='ocrx_word' id='word_1_71' title='bbox 1307 1833 1447 1898; x_wconf 86' lang='lat' dir='ltr'>salutem</span> 
     </span>
     <span class='ocr_line' id='line_1_17' title="bbox 399 1924 1448 2020; baseline -0.004 -19"><span class='ocrx_word' id='word_1_72' title='bbox 399 1924 528 1990; x_wconf 75' lang='lat' dir='ltr'>mpou’.</span> <span class='ocrx_word' id='word_1_73' title='bbox 670 1933 706 1997; x_wconf 92' lang='lat' dir='ltr'>in</span> <span class='ocrx_word' id='word_1_74' title='bbox 728 1933 873 1998; x_wconf 90' lang='lat' dir='ltr'>Domino</span> <span class='ocrx_word' id='word_1_75' title='bbox 905 1933 1150 2020; x_wconf 82' lang='lat' dir='ltr'>sempiiemanr.</span> <span class='ocrx_word' id='word_1_76' title='bbox 1197 1934 1251 1999; x_wconf 90' lang='lat' dir='ltr'>Ad</span> <span class='ocrx_word' id='word_1_77' title='bbox 1284 1935 1448 1999; x_wconf 87' lang='lat' dir='ltr'>universi-</span> 
     </span>
    </p>
   </div>
   <div class='ocr_carea' id='block_1_10' title="bbox 347 2034 1447 2132">
    <p class='ocr_par' dir='ltr' id='par_1_10' title="bbox 347 2034 1447 2132">
     <span class='ocr_line' id='line_1_18' title="bbox 347 2034 1447 2132; baseline -0.002 -30"><span class='ocrx_word' id='word_1_78' title='bbox 347 2101 363 2132; x_wconf 45' lang='grc'><strong>8</strong></span> <span class='ocrx_word' id='word_1_79' title='bbox 399 2037 479 2102; x_wconf 87' lang='lat' dir='ltr'>tatis</span> <span class='ocrx_word' id='word_1_80' title='bbox 516 2042 635 2104; x_wconf 82' lang='lat' dir='ltr'>vestrae</span> <span class='ocrx_word' id='word_1_81' title='bbox 673 2035 828 2103; x_wconf 88' lang='lat' dir='ltr'>notitiam</span> <span class='ocrx_word' id='word_1_82' title='bbox 858 2035 1009 2101; x_wconf 88' lang='lat' dir='ltr'>volumus</span> <span class='ocrx_word' id='word_1_83' title='bbox 1040 2034 1221 2122; x_wconf 88' lang='lat' dir='ltr'>pervenire,</span> <span class='ocrx_word' id='word_1_84' title='bbox 1253 2035 1341 2122; x_wconf 89' lang='lat' dir='ltr'>quod</span> <span class='ocrx_word' id='word_1_85' title='bbox 1373 2057 1447 2100; x_wconf 84' lang='lat' dir='ltr'>cunr</span> 
     </span>
    </p>
   </div>
   <div class='ocr_carea' id='block_1_11' title="bbox 231 2087 1449 2212">
    <p class='ocr_par' dir='ltr' id='par_1_11' title="bbox 231 2087 1449 2212">
     <span class='ocr_line' id='line_1_19' title="bbox 231 2087 1449 2212; baseline 0.009 -23"><span class='ocrx_word' id='word_1_86' title='bbox 231 2087 373 2192; x_wconf 60' lang='lat' dir='ltr'>ltili&#39;niiry</span> <span class='ocrx_word' id='word_1_87' title='bbox 399 2138 662 2204; x_wconf 69' lang='lat' dir='ltr'><strong>constabularius</strong></span> <span class='ocrx_word' id='word_1_88' title='bbox 697 2144 731 2203; x_wconf 91' lang='lat' dir='ltr'>et</span> <span class='ocrx_word' id='word_1_89' title='bbox 764 2136 933 2202; x_wconf 83' lang='lat' dir='ltr'>castellani</span> <span class='ocrx_word' id='word_1_90' title='bbox 956 2137 1057 2202; x_wconf 84' lang='lat' dir='ltr'>castri</span> <span class='ocrx_word' id='word_1_91' title='bbox 1079 2139 1184 2202; x_wconf 81' lang='lat' dir='ltr'>nostri</span> <span class='ocrx_word' id='word_1_92' title='bbox 1207 2137 1449 2212; x_wconf 87' lang='lat' dir='ltr'>Dunolmensis,</span> 
     </span>
    </p>
   </div>
   <div class='ocr_carea' id='block_1_12' title="bbox 231 2189 375 2286">
    <p class='ocr_par' dir='ltr' id='par_1_12' title="bbox 231 2189 375 2286">
     <span class='ocr_line' id='line_1_20' title="bbox 231 2189 375 2233; baseline 0 -1"><span class='ocrx_word' id='word_1_93' title='bbox 231 2189 257 2232; x_wconf 89' lang='lat' dir='ltr'>ln</span> <span class='ocrx_word' id='word_1_94' title='bbox 266 2189 307 2232; x_wconf 82' lang='lat' dir='ltr'>the</span> <span class='ocrx_word' id='word_1_95' title='bbox 315 2189 375 2233; x_wconf 84' lang='lat' dir='ltr'>river·</span> 
     </span>
     <span class='ocr_line' id='line_1_21' title="bbox 231 2238 374 2286; baseline 0.014 -5"><span class='ocrx_word' id='word_1_96' title='bbox 231 2238 306 2286; x_wconf 79' lang='lat' dir='ltr'>Were.</span> <span class='ocrx_word' id='word_1_97' title='bbox 314 2239 374 2283; x_wconf 69' lang='lat' dir='ltr'>from</span> 
     </span>
    </p>
   </div>
   <div class='ocr_carea' id='block_1_13' title="bbox 231 2289 349 2432">
    <p class='ocr_par' dir='ltr' id='par_1_13' title="bbox 231 2289 349 2432">
     <span class='ocr_line' id='line_1_22' title="bbox 231 2289 349 2332; baseline 0.008 -1"><span class='ocrx_word' id='word_1_98' title='bbox 231 2289 272 2332; x_wconf 85' lang='lat' dir='ltr'>the</span> <span class='ocrx_word' id='word_1_99' title='bbox 281 2289 349 2332; x_wconf 79' lang='lat' dir='ltr'>lilvst</span> 
     </span>
     <span class='ocr_line' id='line_1_23' title="bbox 231 2338 349 2432; baseline 0 0"><span class='ocrx_word' id='word_1_100' title='bbox 231 2338 349 2432; x_wconf 61' lang='lat' dir='ltr'>usur</span> 
     </span>
    </p>
   </div>
   <div class='ocr_carea' id='block_1_14' title="bbox 399 2237 1448 2426">
    <p class='ocr_par' dir='ltr' id='par_1_14' title="bbox 399 2237 1448 2426">
     <span class='ocr_line' id='line_1_24' title="bbox 399 2237 1448 2327; baseline -0.002 -23"><span class='ocrx_word' id='word_1_101' title='bbox 399 2240 457 2326; x_wconf 90' lang='lat' dir='ltr'>qui</span> <span class='ocrx_word' id='word_1_102' title='bbox 480 2261 540 2327; x_wconf 92' lang='lat' dir='ltr'>pro</span> <span class='ocrx_word' id='word_1_103' title='bbox 563 2245 711 2327; x_wconf 89' lang='lat' dir='ltr'>tempore</span> <span class='ocrx_word' id='word_1_104' title='bbox 731 2238 865 2314; x_wconf 88' lang='lat' dir='ltr'>fuerint,</span> <span class='ocrx_word' id='word_1_105' title='bbox 887 2237 1027 2304; x_wconf 85' lang='lat' dir='ltr'>dilectos</span> <span class='ocrx_word' id='word_1_106' title='bbox 1049 2242 1084 2303; x_wconf 91' lang='lat' dir='ltr'>et</span> <span class='ocrx_word' id='word_1_107' title='bbox 1105 2239 1243 2304; x_wconf 85' lang='lat' dir='ltr'>devotos</span> <span class='ocrx_word' id='word_1_108' title='bbox 1265 2239 1350 2304; x_wconf 87' lang='lat' dir='ltr'>filios</span> <span class='ocrx_word' id='word_1_109' title='bbox 1372 2261 1448 2303; x_wconf 91' lang='lat' dir='ltr'>nos-</span> 
     </span>
     <span class='ocr_line' id='line_1_25' title="bbox 399 2339 1448 2426; baseline 0 -22"><span class='ocrx_word' id='word_1_110' title='bbox 399 2346 477 2417; x_wconf 89' lang='lat' dir='ltr'>tros,</span> <span class='ocrx_word' id='word_1_111' title='bbox 499 2340 642 2426; x_wconf 85' lang='lat' dir='ltr'>priorem</span> <span class='ocrx_word' id='word_1_112' title='bbox 665 2346 700 2406; x_wconf 92' lang='lat' dir='ltr'>et</span> <span class='ocrx_word' id='word_1_113' title='bbox 722 2343 921 2405; x_wconf 91' lang='lat' dir='ltr'>conventum</span> <span class='ocrx_word' id='word_1_114' title='bbox 943 2339 1086 2406; x_wconf 83' lang='lat' dir='ltr'>eeclesiae</span> <span class='ocrx_word' id='word_1_115' title='bbox 1108 2345 1230 2406; x_wconf 89' lang='lat' dir='ltr'>nostrae</span> <span class='ocrx_word' id='word_1_116' title='bbox 1244 2339 1448 2406; x_wconf 90' lang='lat' dir='ltr'>Dunolmen-</span> 
     </span>
    </p>
   </div>
   <div class='ocr_carea' id='block_1_15' title="bbox 231 2439 1447 2534">
    <p class='ocr_par' dir='ltr' id='par_1_15' title="bbox 231 2439 1447 2534">
     <span class='ocr_line' id='line_1_26' title="bbox 231 2439 1447 2534; baseline 0.003 -32"><span class='ocrx_word' id='word_1_117' title='bbox 231 2439 386 2534; x_wconf 51' lang='lat' dir='ltr'>sstjdffiffim</span> <span class='ocrx_word' id='word_1_118' title='bbox 399 2442 455 2522; x_wconf 90' lang='lat' dir='ltr'>sis,</span> <span class='ocrx_word' id='word_1_119' title='bbox 488 2464 585 2529; x_wconf 91' lang='lat' dir='ltr'>super</span> <span class='ocrx_word' id='word_1_120' title='bbox 618 2443 722 2508; x_wconf 90' lang='lat' dir='ltr'>libera</span> <span class='ocrx_word' id='word_1_121' title='bbox 756 2441 936 2528; x_wconf 76' lang='lat' dir='ltr'>piscatione</span> <span class='ocrx_word' id='word_1_122' title='bbox 972 2442 1008 2506; x_wconf 90' lang='lat' dir='ltr'>in</span> <span class='ocrx_word' id='word_1_123' title='bbox 1043 2443 1182 2528; x_wconf 86' lang='lat' dir='ltr'>separali</span> <span class='ocrx_word' id='word_1_124' title='bbox 1218 2442 1358 2528; x_wconf 88' lang='lat' dir='ltr'>piscaria</span> <span class='ocrx_word' id='word_1_125' title='bbox 1379 2465 1447 2520; x_wconf 85' lang='lat' dir='ltr'>sua,</span> 
     </span>
    </p>
   </div>
   <div class='ocr_carea' id='block_1_16' title="bbox 232 2539 310 2584">
    <p class='ocr_par' dir='ltr' id='par_1_16' title="bbox 232 2539 310 2584">
     <span class='ocr_line' id='line_1_27' title="bbox 232 2539 310 2584; baseline 0.013 -1"><span class='ocrx_word' id='word_1_126' title='bbox 232 2539 310 2584; x_wconf 79' lang='lat' dir='ltr'>casile.</span> 
     </span>
    </p>
   </div>
   <div class='ocr_carea' id='block_1_17' title="bbox 397 2541 1448 4674">
    <p class='ocr_par' dir='ltr' id='par_1_17' title="bbox 397 2541 1448 4674">
     <span class='ocr_line' id='line_1_28' title="bbox 399 2541 1448 2631; baseline 0.001 -23"><span class='ocrx_word' id='word_1_127' title='bbox 399 2566 474 2631; x_wconf 89' lang='lat' dir='ltr'>quae</span> <span class='ocrx_word' id='word_1_128' title='bbox 502 2545 625 2610; x_wconf 89' lang='lat' dir='ltr'>dicitur</span> <span class='ocrx_word' id='word_1_129' title='bbox 641 2541 950 2630; x_wconf 84' lang='lat' dir='ltr'>“Heekmanpoll&#39;‚&#39;‘</span> <span class='ocrx_word' id='word_1_130' title='bbox 975 2543 1173 2629; x_wconf 79' lang='lat' dir='ltr'>aliquotiens</span> <span class='ocrx_word' id='word_1_131' title='bbox 1203 2543 1448 2630; x_wconf 84' lang='lat' dir='ltr'>perturbarunt,</span> 
     </span>
     <span class='ocr_line' id='line_1_29' title="bbox 400 2643 1446 2732; baseline -0.001 -22"><span class='ocrx_word' id='word_1_132' title='bbox 400 2653 434 2710; x_wconf 92' lang='lat' dir='ltr'>et</span> <span class='ocrx_word' id='word_1_133' title='bbox 457 2668 514 2732; x_wconf 90' lang='lat' dir='ltr'>per</span> <span class='ocrx_word' id='word_1_134' title='bbox 529 2646 722 2732; x_wconf 89' lang='lat' dir='ltr'>potentiam,</span> <span class='ocrx_word' id='word_1_135' title='bbox 743 2645 869 2710; x_wconf 88' lang='lat' dir='ltr'>ratione</span> <span class='ocrx_word' id='word_1_136' title='bbox 886 2643 982 2710; x_wconf 91' lang='lat' dir='ltr'>officii</span> <span class='ocrx_word' id='word_1_137' title='bbox 1005 2646 1066 2720; x_wconf 88' lang='lat' dir='ltr'>sui,</span> <span class='ocrx_word' id='word_1_138' title='bbox 1089 2645 1198 2710; x_wconf 91' lang='lat' dir='ltr'>minus</span> <span class='ocrx_word' id='word_1_139' title='bbox 1218 2645 1310 2731; x_wconf 88' lang='lat' dir='ltr'>juste</span> <span class='ocrx_word' id='word_1_140' title='bbox 1327 2647 1446 2732; x_wconf 85' lang='lat' dir='ltr'>piscari</span> 
     </span>
     <span class='ocr_line' id='line_1_30' title="bbox 398 2745 1446 2834; baseline 0 -23"><span class='ocrx_word' id='word_1_141' title='bbox 398 2747 548 2812; x_wconf 80' lang='lat' dir='ltr'>fecerunt</span> <span class='ocrx_word' id='word_1_142' title='bbox 558 2747 595 2812; x_wconf 94' lang='lat' dir='ltr'>in</span> <span class='ocrx_word' id='word_1_143' title='bbox 608 2747 730 2825; x_wconf 89' lang='lat' dir='ltr'>eadem,</span> <span class='ocrx_word' id='word_1_144' title='bbox 744 2768 814 2823; x_wconf 91' lang='lat' dir='ltr'>nos,</span> <span class='ocrx_word' id='word_1_145' title='bbox 824 2745 973 2812; x_wconf 70' lang='lat' dir='ltr'>libertati</span> <span class='ocrx_word' id='word_1_146' title='bbox 985 2751 1019 2812; x_wconf 90' lang='lat' dir='ltr'>et</span> <span class='ocrx_word' id='word_1_147' title='bbox 1030 2747 1135 2832; x_wconf 92' lang='lat' dir='ltr'>quieti</span> <span class='ocrx_word' id='word_1_148' title='bbox 1151 2747 1312 2814; x_wconf 90' lang='lat' dir='ltr'>dictorum</span> <span class='ocrx_word' id='word_1_149' title='bbox 1329 2749 1446 2834; x_wconf 84' lang='lat' dir='ltr'>prioris</span> 
     </span>
     <span class='ocr_line' id='line_1_31' title="bbox 399 2847 1447 2935; baseline 0.001 -21"><span class='ocrx_word' id='word_1_150' title='bbox 399 2854 434 2914; x_wconf 88' lang='lat' dir='ltr'>et</span> <span class='ocrx_word' id='word_1_151' title='bbox 455 2854 644 2929; x_wconf 91' lang='lat' dir='ltr'>conventus,</span> <span class='ocrx_word' id='word_1_152' title='bbox 669 2854 828 2913; x_wconf 88' lang='lat' dir='ltr'>eteorum</span> <span class='ocrx_word' id='word_1_153' title='bbox 852 2847 1096 2928; x_wconf 87' lang='lat' dir='ltr'>successoribus,</span> <span class='ocrx_word' id='word_1_154' title='bbox 1121 2848 1158 2912; x_wconf 93' lang='lat' dir='ltr'>in</span> <span class='ocrx_word' id='word_1_155' title='bbox 1179 2847 1242 2914; x_wconf 89' lang='lat' dir='ltr'>bac</span> <span class='ocrx_word' id='word_1_156' title='bbox 1271 2855 1366 2935; x_wconf 85' lang='lat' dir='ltr'>parte</span> <span class='ocrx_word' id='word_1_157' title='bbox 1388 2871 1447 2915; x_wconf 89' lang='lat' dir='ltr'>vo-</span> 
     </span>
     <span class='ocr_line' id='line_1_32' title="bbox 398 2949 1448 3037; baseline 0.004 -23"><span class='ocrx_word' id='word_1_158' title='bbox 398 2949 504 3015; x_wconf 88' lang='lat' dir='ltr'>lentes</span> <span class='ocrx_word' id='word_1_159' title='bbox 526 2951 716 3037; x_wconf 86' lang='lat' dir='ltr'>prospicere,</span> <span class='ocrx_word' id='word_1_160' title='bbox 733 2955 767 3015; x_wconf 88' lang='lat' dir='ltr'>et</span> <span class='ocrx_word' id='word_1_161' title='bbox 782 2956 920 3036; x_wconf 88' lang='lat' dir='ltr'>paterna</span> <span class='ocrx_word' id='word_1_162' title='bbox 941 2949 1172 3016; x_wconf 82' lang='lat' dir='ltr'>benevolentia</span> <span class='ocrx_word' id='word_1_163' title='bbox 1197 2951 1381 3036; x_wconf 87' lang='lat' dir='ltr'>providere,</span> <span class='ocrx_word' id='word_1_164' title='bbox 1404 2953 1448 3018; x_wconf 91' lang='lat' dir='ltr'>ad</span> 
     </span>
     <span class='ocr_line' id='line_1_33' title="bbox 398 3050 1446 3139; baseline 0.006 -25"><span class='ocrx_word' id='word_1_165' title='bbox 398 3052 589 3137; x_wconf 88' lang='lat' dir='ltr'>hujusmodi</span> <span class='ocrx_word' id='word_1_166' title='bbox 611 3050 834 3118; x_wconf 89' lang='lat' dir='ltr'>turbationem</span> <span class='ocrx_word' id='word_1_167' title='bbox 849 3052 983 3118; x_wconf 91' lang='lat' dir='ltr'>omnino</span> <span class='ocrx_word' id='word_1_168' title='bbox 1006 3052 1041 3116; x_wconf 92' lang='lat' dir='ltr'>in</span> <span class='ocrx_word' id='word_1_169' title='bbox 1064 3058 1259 3139; x_wconf 89' lang='lat' dir='ltr'>perpetuum</span> <span class='ocrx_word' id='word_1_170' title='bbox 1291 3075 1446 3120; x_wconf 85' lang='lat' dir='ltr'>amoven-</span> 
     </span>
     <span class='ocr_line' id='line_1_34' title="bbox 399 3152 1448 3241; baseline 0.007 -25"><span class='ocrx_word' id='word_1_171' title='bbox 399 3153 484 3232; x_wconf 86' lang='lat' dir='ltr'>dam,</span> <span class='ocrx_word' id='word_1_172' title='bbox 499 3154 690 3240; x_wconf 72' lang='lat' dir='ltr'>praedictam</span> <span class='ocrx_word' id='word_1_173' title='bbox 705 3153 878 3241; x_wconf 87' lang='lat' dir='ltr'>piscariam</span> <span class='ocrx_word' id='word_1_174' title='bbox 890 3154 930 3218; x_wconf 91' lang='lat' dir='ltr'>de</span> <span class='ocrx_word' id='word_1_175' title='bbox 947 3152 1199 3240; x_wconf 87' lang='lat' dir='ltr'>Heekmanpoll’</span> <span class='ocrx_word' id='word_1_176' title='bbox 1213 3155 1315 3222; x_wconf 85' lang='lat' dir='ltr'>fuisse</span> <span class='ocrx_word' id='word_1_177' title='bbox 1330 3163 1365 3222; x_wconf 91' lang='lat' dir='ltr'>et</span> <span class='ocrx_word' id='word_1_178' title='bbox 1379 3179 1448 3222; x_wconf 86' lang='lat' dir='ltr'>esse</span> 
     </span>
     <span class='ocr_line' id='line_1_35' title="bbox 398 3255 1447 3343; baseline 0.005 -24"><span class='ocrx_word' id='word_1_179' title='bbox 398 3255 576 3341; x_wconf 81' lang='lat' dir='ltr'>separalem</span> <span class='ocrx_word' id='word_1_180' title='bbox 593 3255 764 3343; x_wconf 84' lang='lat' dir='ltr'>piscariam</span> <span class='ocrx_word' id='word_1_181' title='bbox 781 3256 948 3341; x_wconf 88' lang='lat' dir='ltr'>ipsorum.</span> <span class='ocrx_word' id='word_1_182' title='bbox 973 3308 978 3322; x_wconf 93' lang='lat'>.</span> <span class='ocrx_word' id='word_1_183' title='bbox 1004 3309 1010 3320; x_wconf 92' lang='lat'><em>.</em></span> <span class='ocrx_word' id='word_1_184' title='bbox 1036 3307 1041 3320; x_wconf 94' lang='lat'>.</span> <span class='ocrx_word' id='word_1_185' title='bbox 1066 3257 1186 3342; x_wconf 89' lang='lat' dir='ltr'>prioris</span> <span class='ocrx_word' id='word_1_186' title='bbox 1208 3261 1243 3322; x_wconf 91' lang='lat' dir='ltr'>et</span> <span class='ocrx_word' id='word_1_187' title='bbox 1257 3265 1447 3336; x_wconf 86' lang='lat' dir='ltr'>conventus,</span> 
     </span>
     <span class='ocr_line' id='line_1_36' title="bbox 398 3359 1447 3448; baseline 0.006 -25"><span class='ocrx_word' id='word_1_188' title='bbox 398 3359 600 3425; x_wconf 84' lang='lat' dir='ltr'>declaremus</span> <span class='ocrx_word' id='word_1_189' title='bbox 621 3363 655 3425; x_wconf 90' lang='lat' dir='ltr'>et</span> <span class='ocrx_word' id='word_1_190' title='bbox 669 3359 817 3436; x_wconf 83' lang='lat' dir='ltr'>dicimus,</span> <span class='ocrx_word' id='word_1_191' title='bbox 833 3379 891 3443; x_wconf 92' lang='lat' dir='ltr'>per</span> <span class='ocrx_word' id='word_1_192' title='bbox 905 3364 1091 3443; x_wconf 83' lang='lat' dir='ltr'>praesentes.</span> <span class='ocrx_word' id='word_1_193' title='bbox 1116 3359 1161 3423; x_wconf 88' lang='lat' dir='ltr'>Et</span> <span class='ocrx_word' id='word_1_194' title='bbox 1176 3365 1342 3445; x_wconf 76' lang='lat' dir='ltr'>praeterea,</span> <span class='ocrx_word' id='word_1_195' title='bbox 1364 3384 1447 3448; x_wconf 83' lang='lat' dir='ltr'>prae·</span> 
     </span>
     <span class='ocr_line' id='line_1_37' title="bbox 398 3460 1447 3547; baseline 0.004 -21"><span class='ocrx_word' id='word_1_196' title='bbox 398 3460 497 3526; x_wconf 89' lang='lat' dir='ltr'>dictis</span> <span class='ocrx_word' id='word_1_197' title='bbox 507 3461 609 3547; x_wconf 87' lang='lat' dir='ltr'>priori</span> <span class='ocrx_word' id='word_1_198' title='bbox 619 3466 653 3526; x_wconf 92' lang='lat' dir='ltr'>et</span> <span class='ocrx_word' id='word_1_199' title='bbox 668 3460 854 3536; x_wconf 86' lang='lat' dir='ltr'>conventui,</span> <span class='ocrx_word' id='word_1_200' title='bbox 866 3466 900 3525; x_wconf 91' lang='lat' dir='ltr'>et</span> <span class='ocrx_word' id='word_1_201' title='bbox 910 3481 1023 3525; x_wconf 92' lang='lat' dir='ltr'>eorum</span> <span class='ocrx_word' id='word_1_202' title='bbox 1038 3461 1283 3543; x_wconf 86' lang='lat' dir='ltr'>successoribus,</span> <span class='ocrx_word' id='word_1_203' title='bbox 1300 3464 1447 3530; x_wconf 84' lang='lat' dir='ltr'>volentes</span> 
     </span>
     <span class='ocr_line' id='line_1_38' title="bbox 398 3561 1446 3650; baseline 0.006 -24"><span class='ocrx_word' id='word_1_204' title='bbox 398 3562 503 3629; x_wconf 88' lang='lat' dir='ltr'>facere</span> <span class='ocrx_word' id='word_1_205' title='bbox 525 3563 666 3650; x_wconf 85' lang='lat' dir='ltr'>gratiam</span> <span class='ocrx_word' id='word_1_206' title='bbox 690 3562 878 3649; x_wconf 90' lang='lat' dir='ltr'>pleniorem,</span> <span class='ocrx_word' id='word_1_207' title='bbox 893 3561 1010 3628; x_wconf 88' lang='lat' dir='ltr'>damus</span> <span class='ocrx_word' id='word_1_208' title='bbox 1033 3562 1154 3628; x_wconf 89' lang='lat' dir='ltr'>eisdem</span> <span class='ocrx_word' id='word_1_209' title='bbox 1179 3570 1213 3629; x_wconf 89' lang='lat' dir='ltr'>et</span> <span class='ocrx_word' id='word_1_210' title='bbox 1228 3565 1446 3645; x_wconf 88' lang='lat' dir='ltr'>concedimus,</span> 
     </span>
     <span class='ocr_line' id='line_1_39' title="bbox 399 3665 1446 3752; baseline 0.003 -22"><span class='ocrx_word' id='word_1_211' title='bbox 399 3671 433 3730; x_wconf 92' lang='lat' dir='ltr'>et</span> <span class='ocrx_word' id='word_1_212' title='bbox 454 3687 512 3751; x_wconf 90' lang='lat' dir='ltr'>per</span> <span class='ocrx_word' id='word_1_213' title='bbox 534 3669 731 3752; x_wconf 85' lang='lat' dir='ltr'>praesentem</span> <span class='ocrx_word' id='word_1_214' title='bbox 746 3667 870 3730; x_wconf 87' lang='lat' dir='ltr'>cartam</span> <span class='ocrx_word' id='word_1_215' title='bbox 892 3669 1038 3728; x_wconf 86' lang='lat' dir='ltr'>nostram</span> <span class='ocrx_word' id='word_1_216' title='bbox 1054 3665 1294 3748; x_wconf 78' lang='lat' dir='ltr'>confirmamus,</span> <span class='ocrx_word' id='word_1_217' title='bbox 1309 3667 1446 3734; x_wconf 87' lang='lat' dir='ltr'>liberam</span> 
     </span>
     <span class='ocr_line' id='line_1_40' title="bbox 398 3765 1448 3854; baseline 0.005 -23"><span class='ocrx_word' id='word_1_218' title='bbox 398 3767 569 3852; x_wconf 79' lang='lat' dir='ltr'>piscariam</span> <span class='ocrx_word' id='word_1_219' title='bbox 602 3789 660 3852; x_wconf 87' lang='lat' dir='ltr'>per</span> <span class='ocrx_word' id='word_1_220' title='bbox 683 3771 786 3832; x_wconf 91' lang='lat' dir='ltr'>totam</span> <span class='ocrx_word' id='word_1_221' title='bbox 811 3786 929 3851; x_wconf 87' lang='lat' dir='ltr'>aquarn</span> <span class='ocrx_word' id='word_1_222' title='bbox 945 3766 987 3832; x_wconf 89' lang='lat' dir='ltr'>de</span> <span class='ocrx_word' id='word_1_223' title='bbox 1002 3765 1143 3844; x_wconf 87' lang='lat' dir='ltr'>Were,a</span> <span class='ocrx_word' id='word_1_224' title='bbox 1165 3774 1265 3854; x_wconf 89' lang='lat' dir='ltr'>ponte</span> <span class='ocrx_word' id='word_1_225' title='bbox 1291 3770 1333 3834; x_wconf 92' lang='lat' dir='ltr'>de</span> <span class='ocrx_word' id='word_1_226' title='bbox 1347 3769 1448 3836; x_wconf 85' lang='lat' dir='ltr'>Elvet</span> 
     </span>
     <span class='ocr_line' id='line_1_41' title="bbox 400 3868 1448 3955; baseline 0.004 -21"><span class='ocrx_word' id='word_1_227' title='bbox 400 3869 626 3938; x_wconf 87' lang='lat' dir='ltr'>descendendo</span> <span class='ocrx_word' id='word_1_228' title='bbox 648 3889 751 3955; x_wconf 86' lang='lat' dir='ltr'>usque</span> <span class='ocrx_word' id='word_1_229' title='bbox 773 3868 815 3934; x_wconf 89' lang='lat' dir='ltr'>ad</span> <span class='ocrx_word' id='word_1_230' title='bbox 831 3874 976 3934; x_wconf 82' lang='lat' dir='ltr'>veterem</span> <span class='ocrx_word' id='word_1_231' title='bbox 999 3875 1132 3955; x_wconf 91' lang='lat' dir='ltr'>pontem</span> <span class='ocrx_word' id='word_1_232' title='bbox 1156 3869 1219 3934; x_wconf 90' lang='lat' dir='ltr'>sub</span> <span class='ocrx_word' id='word_1_233' title='bbox 1234 3876 1340 3938; x_wconf 88' lang='lat' dir='ltr'>castro</span> <span class='ocrx_word' id='word_1_234' title='bbox 1352 3872 1448 3938; x_wconf 91' lang='lat' dir='ltr'>Dun-</span> 
     </span>
     <span class='ocr_line' id='line_1_42' title="bbox 400 3969 1445 4049; baseline 0.005 -13"><span class='ocrx_word' id='word_1_235' title='bbox 400 3970 546 4049; x_wconf 89' lang='lat' dir='ltr'>olmensi,</span> <span class='ocrx_word' id='word_1_236' title='bbox 577 3970 665 4036; x_wconf 91' lang='lat' dir='ltr'>inter</span> <span class='ocrx_word' id='word_1_237' title='bbox 701 3974 883 4036; x_wconf 87' lang='lat' dir='ltr'>mercatum</span> <span class='ocrx_word' id='word_1_238' title='bbox 921 3969 1143 4036; x_wconf 91' lang='lat' dir='ltr'>Dunolmense</span> <span class='ocrx_word' id='word_1_239' title='bbox 1177 3977 1211 4036; x_wconf 88' lang='lat' dir='ltr'>ct</span> <span class='ocrx_word' id='word_1_240' title='bbox 1249 3971 1445 4041; x_wconf 87' lang='lat' dir='ltr'>Suthstrete.</span> 
     </span>
     <span class='ocr_line' id='line_1_43' title="bbox 400 4073 1446 4160; baseline 0.004 -22"><span class='ocrx_word' id='word_1_241' title='bbox 400 4073 511 4154; x_wconf 82' lang='lat' dir='ltr'>Quare</span> <span class='ocrx_word' id='word_1_242' title='bbox 546 4073 704 4139; x_wconf 88' lang='lat' dir='ltr'>volumus</span> <span class='ocrx_word' id='word_1_243' title='bbox 738 4079 773 4138; x_wconf 90' lang='lat' dir='ltr'>et</span> <span class='ocrx_word' id='word_1_244' title='bbox 810 4073 950 4138; x_wconf 88' lang='lat' dir='ltr'>firmiter</span> <span class='ocrx_word' id='word_1_245' title='bbox 972 4073 1189 4159; x_wconf 84' lang='lat' dir='ltr'>praecipimus,</span> <span class='ocrx_word' id='word_1_246' title='bbox 1210 4097 1270 4160; x_wconf 90' lang='lat' dir='ltr'>pro</span> <span class='ocrx_word' id='word_1_247' title='bbox 1292 4078 1388 4142; x_wconf 92' lang='lat' dir='ltr'>nobis</span> <span class='ocrx_word' id='word_1_248' title='bbox 1411 4085 1446 4143; x_wconf 90' lang='lat' dir='ltr'>et</span> 
     </span>
     <span class='ocr_line' id='line_1_44' title="bbox 399 4175 1448 4263; baseline 0.002 -21"><span class='ocrx_word' id='word_1_249' title='bbox 399 4175 638 4242; x_wconf 88' lang='lat' dir='ltr'>successoribus</span> <span class='ocrx_word' id='word_1_250' title='bbox 660 4175 790 4253; x_wconf 89' lang='lat' dir='ltr'>nostris,</span> <span class='ocrx_word' id='word_1_251' title='bbox 812 4175 900 4260; x_wconf 90' lang='lat' dir='ltr'>quod</span> <span class='ocrx_word' id='word_1_252' title='bbox 924 4175 1071 4260; x_wconf 78' lang='lat' dir='ltr'>praedicti</span> <span class='ocrx_word' id='word_1_253' title='bbox 1097 4177 1186 4263; x_wconf 90' lang='lat' dir='ltr'>prior</span> <span class='ocrx_word' id='word_1_254' title='bbox 1201 4184 1236 4243; x_wconf 88' lang='lat' dir='ltr'>et</span> <span class='ocrx_word' id='word_1_255' title='bbox 1257 4187 1448 4257; x_wconf 74' lang='lat' dir='ltr'>conventus</span> 
     </span>
     <span class='ocr_line' id='line_1_45' title="bbox 399 4277 1445 4364; baseline 0.004 -20"><span class='ocrx_word' id='word_1_256' title='bbox 399 4284 562 4344; x_wconf 87' lang='lat' dir='ltr'>eteorum</span> <span class='ocrx_word' id='word_1_257' title='bbox 585 4299 790 4358; x_wconf 87' lang='lat' dir='ltr'>successores,</span> <span class='ocrx_word' id='word_1_258' title='bbox 813 4277 850 4341; x_wconf 94' lang='lat' dir='ltr'>in</span> <span class='ocrx_word' id='word_1_259' title='bbox 873 4280 1069 4364; x_wconf 88' lang='lat' dir='ltr'>perpetuum</span> <span class='ocrx_word' id='word_1_260' title='bbox 1093 4277 1286 4346; x_wconf 86' lang='lat' dir='ltr'>habeantet</span> <span class='ocrx_word' id='word_1_261' title='bbox 1307 4287 1445 4348; x_wconf 87' lang='lat' dir='ltr'>teneant</span> 
     </span>
     <span class='ocr_line' id='line_1_46' title="bbox 399 4376 1447 4468; baseline 0.005 -24"><span class='ocrx_word' id='word_1_262' title='bbox 399 4385 507 4444; x_wconf 89' lang='lat' dir='ltr'>totam</span> <span class='ocrx_word' id='word_1_263' title='bbox 530 4379 706 4467; x_wconf 86' lang='lat' dir='ltr'>piscariam</span> <span class='ocrx_word' id='word_1_264' title='bbox 730 4379 769 4443; x_wconf 88' lang='lat' dir='ltr'>de</span> <span class='ocrx_word' id='word_1_265' title='bbox 795 4376 1047 4465; x_wconf 89' lang='lat' dir='ltr'>Heekmanpoll&#39;</span> <span class='ocrx_word' id='word_1_266' title='bbox 1070 4380 1107 4444; x_wconf 94' lang='lat' dir='ltr'>in</span> <span class='ocrx_word' id='word_1_267' title='bbox 1129 4402 1187 4446; x_wconf 89' lang='lat' dir='ltr'>suo</span> <span class='ocrx_word' id='word_1_268' title='bbox 1213 4383 1361 4468; x_wconf 83' lang='lat' dir='ltr'>separali,</span> <span class='ocrx_word' id='word_1_269' title='bbox 1377 4407 1447 4448; x_wconf 86' lang='lat' dir='ltr'>orn-</span> 
     </span>
     <span class='ocr_line' id='line_1_47' title="bbox 397 4481 1445 4568; baseline 0.007 -22"><span class='ocrx_word' id='word_1_270' title='bbox 397 4482 496 4548; x_wconf 90' lang='lat' dir='ltr'>nibus</span> <span class='ocrx_word' id='word_1_271' title='bbox 512 4481 715 4568; x_wconf 90' lang='lat' dir='ltr'>temporibus</span> <span class='ocrx_word' id='word_1_272' title='bbox 731 4481 816 4545; x_wconf 88' lang='lat' dir='ltr'>anni.</span> <span class='ocrx_word' id='word_1_273' title='bbox 849 4481 894 4546; x_wconf 82' lang='lat' dir='ltr'>Et</span> <span class='ocrx_word' id='word_1_274' title='bbox 909 4481 1071 4560; x_wconf 81' lang='lat' dir='ltr'>similiter,</span> <span class='ocrx_word' id='word_1_275' title='bbox 1087 4482 1176 4568; x_wconf 92' lang='lat' dir='ltr'>quod</span> <span class='ocrx_word' id='word_1_276' title='bbox 1196 4481 1341 4550; x_wconf 88' lang='lat' dir='ltr'>habeant</span> <span class='ocrx_word' id='word_1_277' title='bbox 1362 4486 1445 4553; x_wconf 89' lang='lat' dir='ltr'>libe·</span> 
     </span>
     <span class='ocr_line' id='line_1_48' title="bbox 398 4585 1446 4674; baseline 0.003 -24"><span class='ocrx_word' id='word_1_278' title='bbox 398 4605 467 4650; x_wconf 87' lang='lat' dir='ltr'>ram</span> <span class='ocrx_word' id='word_1_279' title='bbox 484 4585 656 4670; x_wconf 82' lang='lat' dir='ltr'>piscariam</span> <span class='ocrx_word' id='word_1_280' title='bbox 672 4605 730 4669; x_wconf 92' lang='lat' dir='ltr'>per</span> <span class='ocrx_word' id='word_1_281' title='bbox 748 4588 855 4648; x_wconf 91' lang='lat' dir='ltr'>totam</span> <span class='ocrx_word' id='word_1_282' title='bbox 878 4603 996 4668; x_wconf 86' lang='lat' dir='ltr'>aquam</span> <span class='ocrx_word' id='word_1_283' title='bbox 1020 4585 1061 4650; x_wconf 90' lang='lat' dir='ltr'>de</span> <span class='ocrx_word' id='word_1_284' title='bbox 1079 4585 1185 4664; x_wconf 81' lang='lat' dir='ltr'>were,</span> <span class='ocrx_word' id='word_1_285' title='bbox 1200 4607 1220 4650; x_wconf 89' lang='lat' dir='ltr'>a</span> <span class='ocrx_word' id='word_1_286' title='bbox 1235 4587 1324 4652; x_wconf 92' lang='lat' dir='ltr'>dicto</span> <span class='ocrx_word' id='word_1_287' title='bbox 1346 4595 1446 4674; x_wconf 86' lang='lat' dir='ltr'>ponte</span> 
     </span>
    </p>
   </div>
   <div class='ocr_carea' id='block_1_18' title="bbox 357 4684 1446 4787">
    <p class='ocr_par' dir='ltr' id='par_1_18' title="bbox 357 4684 1446 4787">
     <span class='ocr_line' id='line_1_49' title="bbox 357 4684 1446 4787; baseline 0.006 -37"><span class='ocrx_word' id='word_1_288' title='bbox 357 4775 362 4787; x_wconf 29' lang='grc' dir='ltr'>ι</span> <span class='ocrx_word' id='word_1_289' title='bbox 398 4686 439 4750; x_wconf 91' lang='lat' dir='ltr'>de</span> <span class='ocrx_word' id='word_1_290' title='bbox 467 4684 590 4751; x_wconf 88' lang='lat' dir='ltr'>Elvett’</span> <span class='ocrx_word' id='word_1_291' title='bbox 614 4685 839 4752; x_wconf 88' lang='lat' dir='ltr'>descendendo</span> <span class='ocrx_word' id='word_1_292' title='bbox 868 4706 971 4772; x_wconf 88' lang='lat' dir='ltr'>usque</span> <span class='ocrx_word' id='word_1_293' title='bbox 996 4687 1040 4751; x_wconf 86' lang='lat' dir='ltr'>ad</span> <span class='ocrx_word' id='word_1_294' title='bbox 1054 4692 1200 4754; x_wconf 88' lang='lat' dir='ltr'>veterem</span> <span class='ocrx_word' id='word_1_295' title='bbox 1227 4693 1361 4774; x_wconf 88' lang='lat' dir='ltr'>pontem</span> <span class='ocrx_word' id='word_1_296' title='bbox 1384 4692 1446 4757; x_wconf 90' lang='lat' dir='ltr'>sub</span> 
     </span>
    </p>
   </div>
   <div class='ocr_carea' id='block_1_19' title="bbox 0 0 1766 5716">
    <p class='ocr_par' dir='ltr' id='par_1_19' title="bbox 0 0 1766 5716">
     <span class='ocr_line' id='line_1_50' title="bbox 0 0 1766 5716; baseline 0 0"><span class='ocrx_word' id='word_1_297' title='bbox 0 0 1766 5716; x_wconf 95' lang='lat' dir='ltr'> </span> 
     </span>
    </p>
   </div>
  </div>
 </body>
</html>
