3530 5708
409 752 475 827 794
590 765 791 818 arsnrnuu
813 763 1016 816 censemus
1038 765 1278 822 nuuannmsn

253 981 375 1030 annua
410 984 469 1050 per
491 965 625 1029 vestras
639 963 793 1048 patentes
814 959 938 1038 literas,
960 957 1078 1026 harum
1101 959 1217 1026 seriem
1240 959 1632 1034 continentessnspnas.

408 1065 534 1132 Datum
572 1063 721 1142 Eboraci,
749 1060 861 1126 idibus
889 1061 1025 1148 Aprilis,
1057 1083 1144 1128 anno
1172 1059 1297 1130 Gratiae
1330 1061 1455 1129 offocet

408 1164 636 1232 sextodecimo
652 1164 829 1249 -Vosque
860 1162 956 1228 nobis
985 1183 1044 1249 per
1080 1163 1308 1230 certificatoria
1344 1170 1457 1230 vestra

406 1267 623 1355 rescripsistis,
646 1265 734 1352 qued
763 1265 841 1332 licet
867 1265 1013 1330 officialis
1034 1269 1143 1331 vester
1164 1266 1290 1332 dichrm
1320 1266 1458 1332 manda·

406 1376 489 1448 tum,
520 1391 595 1436 cum
627 1368 719 1433 omni
751 1366 925 1454 diligentia
958 1389 1024 1454 qua
1056 1373 1198 1460 poterat,
1233 1368 1305 1434 viee
1336 1374 1455 1448 vestra,

406 1472 525 1558 exequi
556 1470 726 1553 niteretur,
759 1469 802 1534 ad
836 1468 1003 1536 ecclesiam
1037 1473 1150 1535 tamen
1181 1470 1221 1536 de
1254 1470 1455 1536 Knmesdale

407 1573 608 1661 predictam,
631 1572 685 1637 vel
718 1570 870 1636 ecclesias
901 1570 1097 1650 convicinae,
1119 1577 1192 1638 tum
1214 1576 1350 1659 propter
1372 1576 1456 1638 tem-

406 1674 495 1762 poris
536 1673 735 1738 brevitatem
772 1672 902 1758 locique
940 1672 1145 1755 distantiam,
1177 1677 1212 1738 et
1247 1673 1457 1739 imminentia

406 1775 559 1862 pericula,
590 1795 650 1860 pro
694 1773 884 1860 hujusmodi
917 1773 1074 1839 citatione
1110 1774 1268 1857 facienda,
1305 1777 1456 1844 accedere

407 1880 481 1942 tute
512 1896 580 1942 non
601 1880 740 1962 poterat,
771 1895 833 1940 nec
857 1875 945 1940 idem
968 1875 1067 1964 Hugo
1093 1875 1182 1942 infra
1203 1881 1347 1942 vestram
1373 1877 1456 1944 dioe-

407 1978 507 2046 cesim
541 1977 651 2065 potuit
682 1976 845 2057 inveniri;
882 1979 982 2062 prout
1013 1977 1050 2041 in
1087 1977 1185 2045 dictis
1218 1979 1456 2045 certificatoriis

408 2081 527 2147 vestris
549 2079 677 2166 plenius
700 2079 898 2146 continetur.
951 2079 997 2144 Et
1019 2079 1098 2165 quia
1122 2080 1346 2146 intelleximus
1368 2082 1456 2167 quod

407 2183 496 2249 dieta
529 2204 605 2269 pars
639 2181 782 2262 citanda,
806 2184 952 2268 tempore
982 2181 1128 2267 priorum
1161 2186 1348 2249 nostrarum
1380 2182 1456 2249 lite-

406 2307 517 2350 rarum
543 2284 638 2350 vobis
670 2283 868 2351 directarum
900 2284 937 2347 in
960 2286 1071 2352 vestra
1100 2283 1210 2350 fuerat
1232 2285 1397 2366 comitiva,
1421 2290 1455 2350 ct

402 2387 503 2473 juxta
524 2385 612 2452 latus
627 2389 774 2450 vestrum
796 2384 1013 2472 personaliter
1030 2385 1221 2469 constituta,
1244 2391 1343 2473 prout
1366 2387 1456 2452 dicta

276 2519 281 2572 2
293 2551 299 2562 ,
344 2551 350 2564 ,
406 2511 482 2576 pars
505 2509 538 2554 se
561 2491 712 2575 paratam
735 2486 859 2552 obtulit
881 2486 984 2552 faeere
1007 2486 1139 2573 plenam
1164 2487 1272 2568 fidem,
1296 2488 1456 2554 miramur

406 2611 474 2656 non
495 2589 660 2655 modicum
678 2590 766 2675 quod
788 2589 963 2676 praefatum
986 2589 1181 2656 mandatum
1203 2595 1353 2656 nostrum
1375 2596 1455 2656 tunc

405 2699 441 2758 et
462 2696 576 2778 postea
597 2691 716 2776 exequi
731 2690 914 2757 distulistis.
960 2690 1120 2771 Quocirca
1140 2692 1326 2762 reverenda
1348 2697 1456 2780 pater·

405 2794 508 2859 nitati
530 2797 660 2872 vestrae,
676 2814 751 2858 cum
773 2813 813 2858 ea
834 2791 1023 2858 reverentie
1045 2815 1110 2879 qua
1136 2792 1238 2876 decet,
1256 2796 1452 2862 auctoritate

404 2895 502 2962 diotre
534 2894 642 2974 umiae,
665 2894 804 2960 firmiter
827 2893 1023 2977 inhibemus,
1059 2899 1093 2960 et
1126 2916 1267 2983 perros
1299 2897 1452 2963 omnibus

402 2997 477 3062 aliis
499 2996 620 3083 quibus
649 2996 704 3082 jus
736 2995 879 3062 inhiberi
912 2996 1018 3084 exigit
1040 3000 1075 3061 et
1105 2997 1280 3084 permittit,
1311 2999 1453 3065 inhiberi

401 3099 554 3165 volumus
587 3102 622 3163 et
655 3097 860 3177 mandamus,
895 3118 946 3174 ne,
970 3097 1136 3185 pendente
1170 3098 1206 3163 in
1240 3099 1330 3166 dieta
1362 3101 1453 3168 curia

400 3199 590 3288 hujusmodi
638 3199 872 3287 appellationis
915 3221 1021 3282 causa,
1061 3201 1239 3288 quicquam
1276 3203 1312 3267 in
1348 3203 1454 3290 partis

401 3303 598 3389 appellantis
649 3300 880 3389 praejudicium
931 3302 1117 3381 attentetis,
1176 3301 1241 3369 seu
1274 3308 1452 3387 attentent,

402 3405 539 3484 faciatis,
562 3403 616 3470 vel
637 3404 772 3481 faciant,
805 3425 863 3490 per
897 3403 978 3468 alios
1013 3404 1259 3490 quomodolibet
1284 3407 1452 3488 attentari,

401 3507 578 3594 quominus
610 3505 865 3592 appellationem
900 3527 992 3572 suam
1023 3507 1125 3574 libere
1156 3509 1308 3595 prosequi
1335 3509 1453 3588 valeat,

402 3614 443 3674 ut
464 3607 632 3689 intendit;
669 3608 820 3687 citantes,
845 3628 903 3672 seu
925 3607 1021 3673 citari
1050 3608 1217 3688 facientes,
1239 3611 1454 3676 nihilominus

402 3709 620 3798 peremptorie
644 3707 771 3773 dictam
801 3715 929 3795 partem
959 3709 1158 3796 appellatam
1181 3713 1217 3777 in
1243 3713 1382 3800 praefata
1403 3735 1455 3778 ec·

401 3811 499 3877 alesia
530 3811 572 3875 de
606 3809 821 3888 Knaresdale,
848 3812 903 3875 vel
936 3811 1011 3876 aliis
1033 3813 1176 3879 ecclesiis
1207 3815 1396 3893 convicinis,
1425 3816 1454 3880 si

401 3919 498 3980 tutus
527 3933 676 3980 accessus
699 3916 813 3998 pateat
835 3913 877 3977 ad
910 3913 1050 3996 easdem,
1074 3915 1129 3980 vel
1159 3915 1240 3981 alibi
1265 3917 1353 3984 infra
1382 3938 1454 3982 ves·

401 4021 488 4080 tram
511 4014 687 4092 dioecesim,
720 4015 748 4079 si
776 4014 944 4080 commode
967 4017 1092 4102 poterit
1125 4017 1277 4098 inveniri,
1307 4019 1456 4105 alioquin

403 4117 440 4182 in
490 4117 613 4202 majore
665 4116 799 4184 ecclesia
845 4120 957 4183 vestra
1002 4116 1227 4200 Dunolmensi,
1265 4120 1455 4208 hujusmodi

403 4218 571 4287 citationis
594 4219 702 4285 edicto
732 4218 769 4282 in
798 4223 948 4285 materna
969 4224 1004 4286 et
1026 4221 1155 4310 vulgari
1177 4223 1299 4312 lingua,
1323 4228 1454 4292 astante

407 4321 522 4408 populi
555 4320 780 4400 multitudine,
812 4327 847 4386 et
881 4321 950 4387 elta
972 4343 1060 4403 voce,
1082 4325 1211 4413 publice
1233 4327 1390 4413 exposito,
1421 4333 1456 4393 et

408 4423 501 4509 copia
540 4422 687 4508 ejusdem
725 4423 875 4489 mandati
912 4426 1019 4490 nostri
1065 4447 1163 4514 super
1199 4427 1307 4514 majus
1351 4431 1455 4495 altare

406 4523 550 4602 dimissa,
573 4526 660 4609 quod
683 4531 869 4612 compareat
891 4548 998 4593 coram
1022 4527 1126 4610 nobis,
1150 4529 1204 4596 vel
1233 4532 1454 4598 commissario

408 4628 520 4690 nostro
557 4627 710 4712 generali,
748 4628 784 4692 in
822 4629 945 4714 majore
984 4630 1119 4699 ecclesia
1165 4633 1370 4714 Eboraoensi,
1402 4635 1455 4700 die
