3524 5716
382 755 470 818 1198
561 767 762 820 numerem!
784 764 988 818 rsmrmun
1010 765 1256 817 nurmuursn

229 973 352 1020 nunus.
379 958 414 1019 et
436 954 477 1018 de
499 975 558 1018 sex
580 953 663 1020 seris
686 951 831 1019 vestiet
853 973 952 1018 morse
982 951 1018 1016 in
1041 953 1199 1038 praedieto
1224 953 1380 1030 manerio,
1401 953 1614 1028 mmmm

379 1054 412 1119 le
445 1053 640 1122 Suthemore
673 1056 713 1120 de
742 1053 939 1131 Evenwode,
968 1053 1158 1139 jacentibus
1186 1055 1288 1142 juxte
1313 1060 1435 1122 terrem

379 1156 503 1222 eultem
525 1156 549 1222 J
551 1157 691 1222 ohannis
714 1157 754 1244 de
778 1155 975 1235 Evenwode,
1000 1176 1115 1222 versus
1141 1156 1365 1238 oecidentem5
1402 1163 1438 1223 et

379 1259 604 1325 omnimodum
627 1259 834 1326 commodum
866 1263 900 1323 et
922 1257 1106 1344 proficuum
1129 1281 1226 1324 suum
1249 1261 1289 1325 de
1312 1258 1436 1325 eisdem

378 1361 491 1440 faeere,
508 1361 689 1427 seeundum
705 1361 794 1446 quod
808 1359 926 1426 melius
950 1358 1014 1425 sibi
1030 1359 1153 1425 viderit
1175 1361 1341 1446 expedire,
1364 1361 1436 1428 sine

361 1463 609 1530 redemtione
633 1463 698 1530 mei
722 1464 776 1528 vel
807 1455 976 1528 haeredum
1001 1483 1148 1528 meorum
1160 1484 1169 1538 ;
1194 1462 1370 1528 remittens
1400 1469 1435 1528 et

259 1616 265 1630 .
312 1617 318 1629 .
377 1565 528 1648 quietum
551 1565 696 1630 clemens
717 1563 876 1651 praedicto
892 1563 1050 1650 episeop0,
1063 1585 1122 1650 pro
1133 1586 1185 1628 me
1200 1570 1236 1629 et
1250 1563 1435 1630 haeredibus

377 1666 468 1744 meis,
492 1671 603 1731 totum
632 1667 691 1752 jus
722 1672 757 1731 et
783 1665 945 1730 elemeum
978 1665 1066 1750 qued
1100 1665 1204 1731 hebui
1226 1667 1280 1732 vel
1313 1665 1435 1734 hebere

377 1771 491 1854 potero
513 1769 557 1833 ed
575 1768 891 1846 communicandum,
909 1789 965 1855 per
980 1768 1118 1854 speciale
1139 1768 1266 1834 fectum
1287 1775 1347 1835 eut
1369 1769 1435 1834 ulio

377 1870 483 1948 mode,
506 1871 543 1934 in
565 1875 761 1958 perpetuum
784 1869 821 1934 in
843 1869 1011 1956 praedietis
1042 1870 1147 1936 sexies
1169 1871 1292 1958 viginti
1318 1876 1353 1936 et
1375 1893 1434 1936 sex

377 1972 460 2036 acris
482 1994 591 2051 morse,
615 1977 758 2058 pasturae
781 1977 815 2036 et
837 1972 983 2047 vestiet
1005 1971 1042 2035 in
1064 1971 1217 2037 omnibus
1239 1972 1314 2038 eliis
1336 1973 1434 2038 terris

378 2082 413 2142 et
427 2079 625 2143 tenementis
648 2079 735 2144 infre
756 2078 951 2164 praedietum
975 2078 1168 2158 manerium,
1184 2101 1243 2165 per
1256 2079 1433 2166 proefetum

366 2181 573 2266 episcopum,
589 2201 646 2266 per
666 2181 915 2265 predecessores
938 2200 1022 2261 suos,
1038 2187 1098 2245 eut
1120 2180 1200 2246 elios
1222 2201 1433 2266 quoscunque

378 2279 503 2346 dietum
526 2282 708 2346 manerium
731 2287 890 2364 tenentes,
908 2281 949 2347 de
964 2287 1059 2347 vasto'
1084 2282 1257 2368 eppruetis
1279 2282 1334 2348 die
1356 2305 1432 2350 con-

376 2383 526 2447 fectionis
541 2383 762 2469 praesentium,
784 2383 854 2448 sine
868 2384 1098 2449 reclamatione
1113 2385 1179 2450 mei
1194 2384 1249 2450 vel
1263 2384 1438 2452 haeredum'
1491 2395 1494 2402 ’

377 2506 532 2562 meorum,
548 2487 584 2550 in
599 2476 815 2572 perpetuum·
833 2486 926 2552 selva
941 2491 1074 2550 tentum
1088 2486 1172 2550 mihi
1187 2493 1222 2552 et
1243 2487 1432 2554 haeredibus

257 2603 263 2611 “
377 2587 460 2652 meis
483 2609 658 2654 commune
688 2587 865 2673 pasturae'
856 2609 893 2652 ιιι
915 2587 1037 2654 eisdem
1061 2589 1261 2655 tenementis
1283 2595 1431 2676 ternpore

376 2693 499 2773 aperto,
523 2689 655 2768 scilieet,
679 2688 805 2754 efesto
829 2688 988 2754 Omnium
1020 2689 1215 2756 Sanctorum
1251 2712 1355 2776 usque
1386 2692 1430 2758 ed

375 2788 439 2854 fest
425 2794 496 2854 tum
520 2789 763 2855 Purifieetionis
787 2789 899 2855 Beetae
915 2789 1037 2856 Muriae.
1084 2789 1126 2855 In
1146 2790 1197 2877 euj
1201 2813 1240 2856 us
1263 2792 1312 2857 rei
1334 2792 1429 2858 testi-

376 2891 532 3006 monium,
562 2893 717 2978 praesenti
747 2892 869 2978 scripto
896 2891 1148 2980 chirographeto
1187 2899 1297 3026 partes
1330 2894 1430 2960 ulter-

376 2993 482 3058 natim
436 2993 614 3081 imsigille
636 3015 696 3059 sue
716 2999 949 3080 apposuerunt.

291 3218 305 3250 ο
377 3215 568 3267 eansflenrici
646 3191 793 3258 Praesens
816 3193 975 3280 seriptum
1005 3193 1214 3261 indentetum
1245 3199 1427 3282 purportet,

242 3317 258 3348 n
298 3321 314 3350 n
377 3283 555 3348 demagton’.
600 3294 688 3380 quod
720 3294 846 3359 Alenus
883 3295 924 3360 de
959 3295 1129 3382 Lengton’,
1151 3296 1192 3360 de
1229 3318 1362 3362 assensu
1393 3302 1428 3362 et

233 3419 262 3450 en
286 3371 328 3454 ⁸⁰2
376 3398 547 3463 voluntate
570 3397 696 3462 domm
719 3397 779 3474 sui,
796 3397 921 3462 domins
944 3397 1086 3476 uteru,
1108 3398 1171 3464 nei
1194 3400 1311 3484 gratia,
1333 3398 1427 3464 nun-

209 3520 281 3551 conve
298 3471 322 3520 ἠ’
377 3501 529 3565 olmensis
566 3499 717 3586 episcopi,
755 3499 913 3564 concessit
950 3505 985 3564 et
1021 3498 1167 3564 reddidit
1204 3499 1348 3568 Henrieo
1386 3501 1427 3565 de

216 3569 253 3661 ⁸¹}
284 3573 308 3653 ιη
376 3602 545 3689 Langton’,
568 3601 637 3665 filio
659 3601 763 3688 ipsius
785 3600 894 3679 Alani,
918 3601 1029 3666 omnia
1055 3605 1159 3666 terras
1182 3606 1217 3665 et
1238 3607 1428 3668 tenementu

206 3671 268 3756 iios
313 3685 322 3756 .'
376 3727 443 3784 sue,
470 3726 545 3770 eum
575 3703 785 3789 pertinentiis
817 3701 978 3781 omnibus,
1009 3703 1046 3766 in
1068 3703 1250 3787 Wynyerd’
1275 3709 1309 3769 et
1340 3703 1427 3768 Red-

374 3806 538 3888 mershill’,
554 3806 652 3870 simul
668 3827 742 3871 cum
765 3804 917 3869 omnibus
939 3805 1033 3870 bonis
1054 3811 1088 3871 et
1103 3805 1230 3871 eutullis
1252 3806 1289 3870 in
1304 3805 1426 3872 eisdem

374 3909 571 3974 tenementis
600 3907 828 3984 existentibus,
860 3895 930 3972 sine
972 3907 1039 3972 ullo
1069 3912 1293 3972 retenementn
1305 3931 1313 3990 ;
1352 3931 1426 3994 quae

374 4011 507 4098 quidem
542 4016 645 4074 terres
679 4015 713 4074 et
744 4014 933 4074 tenemento.
963 4007 1052 4072 idem
1083 4008 1212 4074 Alenus
1242 4009 1352 4074 tenuit
1382 4010 1426 4075 ed

374 4113 551 4178 terminum
575 4112 655 4176 vitre
686 4111 790 4198 ipsius
813 4109 934 4190 Aieni3
964 4109 1154 4175 habendum
1184 4120 1219 4175 et
1246 4111 1425 4176 tenendum

374 4215 480 4279 eidem
510 4212 655 4279 Henrieo
687 4217 721 4277 et
755 4210 940 4276 haeredibus
971 4211 1048 4288 suis,
1071 4211 1112 4276 de
1135 4211 1268 4276 domino
1300 4211 1425 4276 Dunel-

373 4316 479 4380 mensi
501 4315 660 4402 episeop0,
683 4318 717 4378 et
739 4310 977 4388 suecessoribus
999 4313 1077 4390 suis,
1107 4334 1165 4399 per
1188 4313 1325 4379 servitis
1347 4314 1424 4378 inde

374 4417 487 4482 debite
519 4421 554 4482 et
584 4421 747 4482 consuete,
808 4415 861 4490 Et,
884 4419 1051 4501 praeteree,
1073 4413 1162 4478 idem
1193 4413 1320 4480 Alenus
1349 4437 1425 4480 eon-

373 4519 479 4595 eessit,
513 4518 600 4602 quod
637 4518 707 4604 ipse
744 4515 977 4582 warantizabit
1013 4514 1170 4601 praedicto
1208 4515 1353 4582 Henrieo
1390 4521 1424 4581 et

373 4619 558 4686 haeredibus
591 4618 660 4683 suis
689 4617 802 4684 omnis
834 4615 994 4705 praediete
1026 4621 1131 4684 terres
1161 4621 1196 4684 et
1225 4622 1421 4696 tenemento„
