3506 5702
505 817 705 872 nrorsrnuu
728 790 933 866 rlmrruou
955 813 1196 866 omnurnsn
1312 795 1377 865 783

156 1001 315 1056 ”lm-⁵·
328 1007 481 1086 musanus
500 1010 576 1060 oues
653 1004 842 1073 Venerabili
875 1005 912 1070 in
946 1003 1080 1070 Christo
1111 1004 1208 1090 patri,
1244 1001 1378 1068 domino
1408 1003 1531 1051 All-1³¹⁶·

328 1075 497 1126 amasenus
544 1078 578 1126 aa
1392 1065 1536 1109 nataae

328 1142 453 1191 orandum
463 1157 509 1205 pro
519 1157 578 1208 rege
610 1091 757 1189 Rifflfdll,
774 1108 838 1174 Del
857 1107 975 1195 gralia,
990 1105 1208 1172 Dunolmensi
1223 1105 1380 1192 episcopo,
1391 1116 1530 1210 {lfflffl

330 1214 357 1258 et
367 1223 412 1272 1³10
423 1223 491 1273 ΡΜ·
611 1212 652 1276 R.
676 1211 819 1297 decanus
841 1213 877 1276 et
901 1208 1085 1295 capitulum
1116 1206 1259 1274 ecclesiae
1284 1204 1507 1310 Bfflliffiffi

331 1307 423 1373 Petri
444 1309 666 1390 Eboracensis,
680 1312 832 1380 custodes
855 1309 1104 1398 spiritualitatis
1127 1309 1282 1394 ejusdem,
1306 1306 1381 1372 sede
1393 1317 1441 1411 ‘lt
1453 1315 1523 1408 tappet

331 1413 479 1491 vacante,
517 1413 657 1480 salutem
695 1435 771 1481 cum
809 1413 996 1479 reverentia
1033 1415 1067 1478 et
1104 1411 1227 1475 honore
1261 1365 1510 1518 debilifleffielgss

332 1513 428 1576 tanto
449 1513 545 1598 patri
604 1515 724 1581 Justus
747 1519 782 1580 et
811 1513 994 1579 misericors
1024 1511 1194 1594 Dominus,
1219 1509 1277 1596 qui
1300 1514 1544 1620 ‘lumffll’ffell0

332 1611 443 1699 diligit
472 1615 584 1702 arguit
621 1622 656 1683 et
688 1617 838 1704 castiget,
873 1617 932 1702 qui
964 1613 1118 1680 vulnerat
1149 1618 1184 1678 et
1222 1612 1380 1694 medetur,
1392 1597 1543 1713 fflssmssr

332 1733 506 1780 conversus
528 1717 571 1782 ad
594 1718 732 1786 devotas
762 1719 924 1784 orationes
946 1715 1094 1782 fidelium
1116 1713 1380 1792 misericordiam,
1392 1716 1543 1814 malle

333 1837 399 1882 non
420 1815 505 1882 iram
527 1819 684 1900 continet,
714 1821 773 1886 sed
794 1841 869 1885 cum
886 1819 977 1905 juste
998 1817 1104 1884 iratus
1126 1816 1234 1899 fuerit,
1258 1815 1383 1882 miseri·

333 1917 452 1986 cordiae
473 1921 672 2001 recordatur,
695 1926 743 2002 ut,
765 1919 973 2008 pestilentiis,
997 1919 1102 1997 bellis,
1126 1917 1382 1985 dissensionibus

333 2023 368 2085 et
389 2019 463 2087 aliis
484 2023 600 2090 multis
631 2024 736 2102 malis,
758 2022 971 2102 cessantibus,
995 2020 1125 2105 quibus,
1148 2019 1290 2107 peccatis
1312 2018 1382 2085 exi-

332 2122 499 2208 gentibus,
537 2126 679 2213 popnlus
721 2125 922 2190 incessanter
961 2119 1119 2209 affligitur
1166 2120 1382 2202 Christianus,

334 2223 465 2291 afflictis
502 2227 766 2307 consolationem,
791 2227 826 2292 et
856 2223 1130 2301 discordantibus,
1152 2245 1194 2289 ex
1225 2223 1385 2288 immensa

337 2347 397 2392 sua
415 2326 573 2409 bonitate,
596 2328 726 2395 tribuat
758 2328 929 2394 unitatem.
984 2325 1056 2392 Nos
1086 2325 1205 2411 itaque,
1233 2325 1385 2391 intimius

337 2428 546 2496 attendentes
560 2429 706 2496 fructum
728 2429 918 2517 hujusmodi
940 2427 1083 2506 uberem,
1099 2448 1197 2514 quem
1219 2447 1387 2514 speramus

337 2552 379 2596 ex
401 2531 532 2598 devotis
554 2531 700 2598 fidelium
733 2531 944 2610 orationibus,
968 2530 1118 2597 divinam
1151 2530 1194 2595 ad
1223 2529 1294 2596 haec
1324 2529 1387 2595 cle-

337 2632 496 2699 mentiam
510 2633 756 2714 inclinantibus,
778 2634 963 2723 provenire,
986 2639 1029 2712 et,
1053 2633 1096 2698 ob
1118 2631 1187 2712 hoc,
1210 2631 1387 2718 cupientes,

337 2735 374 2799 in
395 2735 544 2802 caritatis
559 2735 748 2815 visceribus,
763 2741 950 2802 nostrorum
973 2735 1180 2802 subditorum
1202 2735 1330 2801 animos
1344 2733 1388 2800 ad

338 2838 545 2904 devotionem
566 2837 766 2924 hujusmodi,
789 2842 951 2924 quantum
973 2858 1153 2938 possumne,
1176 2856 1386 2914 commovere,

337 2939 439 3018 vobis,
473 2939 613 3006 firmiter
650 2939 863 3027 injungendo,
895 2939 1098 3018 mandamus,
1133 2943 1296 3026 quatenus
1326 2959 1387 3026 pro

338 3041 536 3108 serenissimi
565 3042 722 3130 principis
744 3041 870 3109 domini
896 3043 1010 3122 nostri,
1032 3043 1120 3130 regis
1142 3042 1388 3128 Angliae-illus-

338 3145 409 3227 tris,
432 3149 466 3211 et
500 3145 643 3211 dominoe
674 3145 806 3232 regina,
836 3145 995 3212 consortis
1028 3165 1106 3221 suae,
1136 3165 1175 3211 ac
1212 3130 1404 3218 liberorum¹

339 3246 526 3325 eorundem,
548 3251 640 3313 statu
674 3247 806 3327 salubri,
830 3265 868 3312 ac
898 3267 959 3332 pro
990 3267 1069 3333 pace
1099 3246 1195 3311 firma
1220 3252 1255 3312 et
1276 3245 1389 3312 stabili

338 3349 427 3415 inter
447 3349 557 3437 ipsum
588 3349 759 3416 dominum
787 3352 938 3414 nostmm
967 3369 1077 3435 regem
1099 3369 1138 3413 ac
1159 3368 1233 3414 suos
1255 3348 1391 3413 comites

340 3457 375 3517 et
407 3452 555 3530 barones,
585 3473 713 3518 necnon
745 3473 806 3538 pro
836 3450 924 3515 bono
956 3449 1116 3536 regimine
1147 3450 1243 3537 regni
1268 3449 1330 3532 sui,
1353 3469 1391 3516 ac

340 3554 442 3619 etiam
464 3553 643 3620 serenitate
664 3553 758 3630 aeris,
772 3556 984 3640 temporeque
1006 3572 1149 3638 congruo
1179 3556 1214 3617 et
1243 3554 1389 3638 accepta·

340 3655 409 3733 bili,
431 3660 502 3721 tam
523 3656 561 3720 in
582 3659 696 3723 vestra
721 3653 857 3721 ecclesia
879 3653 1067 3731 cathedrali,
1083 3675 1181 3740 quam
1204 3654 1241 3719 in
1262 3654 1390 3720 caeteris

341 3757 522 3844 collegiatis
556 3761 590 3823 et
621 3754 862 3844 parochialibus
893 3755 1043 3834 ecdesiis,
1065 3757 1226 3844 exemptis
1257 3762 1292 3822 et
1323 3777 1391 3822 non

342 3858 514 3945 exemptis,
535 3880 594 3946 per
614 3863 720 3924 totam
734 3862 880 3926 vestram
903 3857 1070 3925 dioecesim
1092 3859 1293 3936 constitutis,
1313 3857 1391 3924 faci-

344 3959 418 4038 atis,
439 3981 515 4026 cum
545 3981 681 4028 summae
703 3960 888 4029 devotionis
922 3960 1041 4039 studio,
1063 3960 1152 4046 apud
1179 3958 1390 4025 Altissimum

344 4061 538 4148 suppliciter
573 4063 721 4144 exorari;
757 4063 967 4151 injungentes
996 4055 1154 4139 districte,
1190 4061 1228 4126 in
1264 4060 1391 4127 virtute

344 4167 469 4229 sanctae
484 4162 686 4242 obedientiae,
702 4164 853 4230 omnibus
867 4163 1032 4231 dictarum
1047 4161 1256 4230 ecclesiarum
1277 4163 1391 4228 minis·

312 4266 407 4332 ·tris
429 4285 468 4333 ac
490 4264 624 4343 clericis,
646 4271 681 4330 et
709 4264 837 4331 caeteris
866 4264 1069 4351 quibuslibet
1102 4263 1323 4331 officiantibus
1353 4265 1391 4330 in

344 4367 475 4447 eisdem,
497 4367 585 4455 quod
607 4387 668 4454 pro
690 4366 864 4455 praemissis
887 4367 923 4432 in
945 4367 1083 4455 singulis
1105 4367 1270 4456 praedictis
1292 4368 1391 4435 eccle·

343 4472 408 4551 siis,
431 4469 583 4558 qualibet
603 4467 818 4549 hebdomada,
840 4475 959 4556 quarta
980 4474 1016 4536 et
1037 4473 1132 4536 sexta
1153 4470 1243 4554 feria,
1266 4491 1392 4560 prooes-

344 4573 478 4652 sionem,
500 4593 576 4640 cum
599 4574 725 4659 septem
747 4571 880 4660 psalmis
895 4572 1181 4659 poenitentialibus
1202 4579 1237 4642 et
1258 4574 1392 4656 letania,

345 4697 383 4745 ac
397 4675 603 4744 orationibus
618 4675 662 4742 ad
677 4674 737 4742 hoo
759 4675 1040 4756 convenientibus,
1055 4676 1180 4746 faciant
1202 4678 1393 4747 solemniter
