3562 5714
415 783 480 847 904
585 776 798 846 'nnorsrsuu
820 793 1023 848 murmur
1045 793 1286 849 nnumnrmrsn

264 992 386 1040 Htw&
413 986 504 1073 apud
537 983 872 1066 westmonasterium,
903 988 940 1052 in
985 987 1109 1054 octabis
1144 985 1259 1053 Snncti
1295 985 1466 1053 Michaelis
1477 993 1635 1050 mm

413 1087 499 1153 sicut
520 1089 739 1154 summonitus
761 1087 849 1170 fuit3
872 1095 906 1155 et
927 1089 1048 1156 habens
1062 1089 1112 1154 ibi
1125 1089 1261 1154 nomina
1275 1088 1465 1176 plegiorum.

414 1189 519 1267 Teste,
541 1187 591 1254 W.
614 1190 655 1254 de
681 1189 834 1268 Berford',
856 1190 944 1278 opud
966 1190 1302 1267 westmonasterium,
1316 1187 1389 1274 xij0.
1412 1189 1466 1255 die

414 1294 612 1373 Decembris,
634 1315 721 1361 enno
743 1296 835 1382 rcgni
857 1295 961 1360 nostri
984 1299 1085 1360 sexto.
1222 1341 1225 1350 ,

246 1511 320 1572 repr
368 1525 380 1556 ι
416 1543 498 1594 Breve
563 1543 584 1594 's
607 1549 696 1596 contra
774 1497 965 1575 Edwardus,
1005 1497 1069 1563 Dei
1099 1498 1215 1584 gratim
1244 1519 1305 1563 rex
1326 1496 1466 1584 Angliae,

246 1512 398 1657 iiiiii*
415 1559 698 1662 uominunrigiohmnem
731 1600 882 1665 dominus
908 1599 1088 1676 Hiberniae,
1113 1603 1147 1663 et
1173 1599 1243 1664 dux
1266 1599 1467 1684 Aquitanico,

244 1661 353 1808 {ig-12
416 1674 697 1741 sprynfflemcum„
731 1699 911 1766 venerabili
951 1700 988 1763 in
1019 1698 1152 1765 Christo
1182 1700 1278 1785 petri,
1316 1699 1465 1779 Ricerdo,

354 1793 362 1808 ’
415 1803 529 1868 eedem
552 1805 668 1890 gmtis,
690 1802 904 1869 Dunelmensi
927 1802 1085 1888 episcopo,
1112 1801 1259 1866 sulutem.
1306 1798 1395 1880 Quis
1407 1798 1467 1866 Jo-

413 1904 538 1970 hcnncs
547 1903 698 1992 Spryng’,
713 1905 896 1981 defunctus,
907 1903 1042 1968 solvisse
1053 1902 1170 1968 debuit
1178 1902 1332 1989 Philippo
1344 1901 1466 1988 Borgii,

412 2003 536 2070 Jeoobo
566 2005 654 2091 Gily,
678 2010 712 2071 et
734 2005 829 2072 sociis
858 2005 935 2082 suis,
972 2002 1205 2069 mercatoribus
1238 2003 1280 2067 de
1313 2002 1468 2069 societate

414 2104 593 2182 Mororum,
616 2107 657 2171 dc
686 2106 862 2183 Florentia,
897 2105 1019 2192 viginti
1052 2104 1154 2169 libras
1170 2104 1207 2168 in
1228 2103 1312 2170 festo
1351 2101 1466 2169 Sancti

413 2207 562 2294 Gregorii
587 2229 691 2295 pepee,
720 2229 806 2274 enno
833 2208 927 2294 regni
956 2205 1081 2272 domini
1104 2205 1270 2284 Edwardi,
1300 2205 1465 2291 quondum

411 2309 496 2395 regis
519 2309 783 2396 Angliee,pat1is
809 2310 923 2386 nostri,
949 2307 1068 2394 xxxj0,
1098 2308 1184 2390 sicut
1212 2311 1341 2372 constat
1370 2305 1466 2372 nobis

410 2431 468 2496 per
508 2409 744 2496 inspectionem
784 2409 965 2475 rotulorum
992 2407 1202 2473 Cencellnriae
1241 2406 1322 2471 dicti
1362 2407 1465 2492 petris

409 2510 523 2589 nostri,
539 2516 573 2576 et
595 2533 649 2576 cns
671 2511 817 2576 nondum
831 2510 940 2587 solvit,
955 2514 994 2575 ut
1016 2508 1138 2575 dicitur
1149 2533 1158 2590 ;
1180 2531 1239 2595 per
1259 2507 1356 2592 quod,
1372 2506 1465 2573 vobis

410 2612 640 2678 mandavimus
656 2612 743 2698 quod
766 2612 956 2700 praedictem
978 2611 1152 2698 pecuniam
1167 2610 1208 2675 dc
1230 2609 1326 2674 tonis
1349 2614 1384 2674 et
1412 2630 1465 2674 ce·

410 2713 499 2778 tellis
521 2733 594 2798 quse
624 2712 759 2778 fuerumt
787 2713 937 2800 praedicti
963 2711 1135 2790 Johsnnis,
1166 2710 1253 2775 infin
1277 2709 1463 2775 libertatem

411 2819 553 2878 vestram
569 2812 831 2892 Dunelmensem,
854 2815 924 2879 sine
947 2813 1105 2879 diletione
1126 2811 1238 2888 levari,
1261 2815 1296 2877 et
1318 2811 1463 2898 praefatis

411 2915 643 2980 mercatoribus
674 2914 802 2994 hebere,
832 2915 989 2993 faceretis,
1019 2915 1060 2981 de
1095 2935 1159 3000 quo
1181 2913 1266 2978 nihii
1295 2913 1464 2999 hucusque

411 3015 541 3094 fecistis,
564 3016 653 3082 unde
685 3017 863 3102 plurimum
893 3016 1114 3094 admiremur3
1144 3014 1238 3080 vobis
1260 3014 1464 3092 mundamus,

411 3118 498 3204 quod
531 3118 722 3205 praedictnm
763 3118 936 3204 pecuniam
967 3118 1008 3182 de
1038 3117 1133 3181 terris
1160 3121 1195 3182 et
1229 3117 1357 3182 catellis
1389 3139 1464 3203 quae

411 3220 545 3284 fuerunt
579 3218 728 3306 praedicti
769 3219 941 3296 Johsnnis,
976 3219 1063 3283 inire
1094 3218 1281 3284 libertatem
1319 3226 1463 3284 vestrum
1499 3259 1503 3268 =

410 3321 672 3400 Dunelmensem,
702 3321 774 3387 sine
796 3320 954 3386 diletione
975 3319 1088 3397 levari,
1112 3325 1146 3384 et
1171 3321 1318 3406 praefntis
1340 3343 1463 3386 mercs-

410 3423 537 3488 toribus
559 3422 688 3502 hebere,
711 3422 850 3502 faciatis,
876 3421 977 3508 juxte
1008 3427 1154 3487 tenorem
1185 3421 1333 3488 mandeti
1355 3423 1461 3489 nostri

410 3523 568 3609 praedicti,
598 3524 690 3610 prius
725 3525 819 3591 vobis
858 3525 936 3589 inde
966 3523 1083 3589 directi
1094 3547 1103 3604 ;
1132 3524 1187 3589 vel
1208 3545 1339 3600 censam
1365 3524 1462 3590 nobis

311 3693 316 3706 ,
410 3626 610 3712 significetis,
652 3649 753 3712 quare
789 3627 946 3692 mandato
983 3630 1104 3705 nostro,
1146 3626 1228 3691 eiius
1256 3626 1352 3692 vobis
1382 3626 1462 3692 inde

410 3726 534 3792 directe
559 3728 694 3793 minime
717 3727 878 3814 paruistis.
924 3729 970 3792 Et
990 3728 1052 3794 hoc
1077 3727 1263 3794 nullatenus
1289 3727 1460 3793 omittetis.

411 3828 508 3894 Teste
530 3828 661 3915 meipso,
686 3829 775 3916 apud
800 3827 1012 3915 Wyndesore,
1038 3826 1083 3895 x⁰.
1110 3828 1164 3896 die
1187 3826 1349 3907 anuurii,
1374 3849 1461 3894 enno

410 3930 503 4017 regni
526 3930 630 3996 nostri
653 3935 753 3997 sexto.

241 4149 360 4210 neme*
408 4175 613 4230 mum
691 4133 882 4213 Edwardus,
913 4133 977 4199 Dei
1005 4133 1122 4221 gratis
1142 4155 1201 4200 rex
1230 4133 1370 4222 Angliee,
1402 4135 1458 4201 do·

240 4201 380 4310 iffibriiii
408 4243 526 4294 vicariam
561 4245 612 4332 ⁸‹le
645 4235 755 4302 minus
770 4235 950 4313 Hiberniae,
965 4239 999 4300 et
1022 4235 1092 4300 dux
1106 4236 1305 4321 Aquitaniae,
1321 4257 1459 4301 venere·

240 4304 383 4397 Extat
408 4309 558 4362 ”mim
642 4337 701 4402 un
723 4337 760 4400 n
776 4335 908 4403 christo
922 4336 1018 4422 pam,
1034 4335 1183 4414 niceno,
1206 4336 1318 4402 eadem
1339 4337 1456 4423 graev,

406 4438 555 4523 episcopo
571 4437 791 4517 Dunelmensi,
807 4436 954 4503 satutem.
999 4438 1054 4502 Ad
1078 4438 1233 4504 vicariam
1249 4437 1391 4505 ecclcsiae
1415 4439 1456 4504 de

407 4535 612 4617 Herteburn',
640 4543 759 4604 vestroe
781 4538 937 4617 dioecesis,
968 4545 1148 4617 recentem,
1178 4544 1212 4604 et
1235 4541 1278 4604 ed
1307 4545 1454 4605 nostram

406 4639 615 4705 donationem
631 4646 841 4728 spectantem,
856 4641 981 4707 ratione
1006 4641 1210 4730 episcopatus
1225 4641 1455 4710 Dunelmensis
