3570 5718
499 839 699 892 sacramen
722 839 924 894 amaruan
947 843 1186 896 nuumunrrsn
1301 833 1364 895 945

149 1027 432 1093 transmearem
456 1029 571 1115 gratia,
596 1029 744 1116 episcopo
767 1028 992 1108 Dunolmensi,
1017 1032 1163 1097 salutem.
1211 1031 1295 1098 Oum
1310 1032 1364 1097 de·
1395 1035 1517 1083 All-1³1&

317 1128 464 1194 derimus
486 1135 521 1194 et
544 1131 795 1196 concesserimus
817 1129 936 1196 dilecto
959 1131 1075 1198 clerieo
1091 1139 1212 1210 nostro,
1229 1133 1364 1199 Thomae

318 1230 360 1295 de
384 1229 484 1296 Nova
513 1231 621 1317 Haya,
637 1232 856 1318 praebendam,
881 1254 980 1318 quam
1011 1233 1170 1320 magister
1195 1234 1364 1301 Johannes

318 1331 359 1396 de
381 1331 488 1398 Roma
516 1332 636 1397 habuit
664 1333 701 1396 in
732 1332 864 1399 ecclesia
894 1335 934 1401 de
962 1333 1157 1422 Longcrstr,
1181 1343 1363 1413 vacantem,

317 1439 351 1498 et
374 1433 416 1499 ad
439 1437 585 1500 nostram
616 1434 827 1501 donationem
858 1441 1070 1523 spectantem,
1092 1437 1219 1503 ratione
1242 1439 1364 1526 episco-

316 1540 413 1622 patus
436 1535 666 1600 Dunelmensis
699 1556 805 1622 nuper
826 1538 983 1615 vacantis,
1006 1543 1040 1603 et
1062 1538 1099 1602 in
1130 1560 1230 1603 manu
1252 1545 1365 1604 nostra

317 1637 501 1717 existentis,
523 1637 719 1714 habendam,
742 1659 817 1703 curn
848 1639 915 1704 suis
940 1639 1074 1725 juribus
1097 1645 1131 1704 et
1153 1641 1363 1727 pertinentiis

316 1738 574 1824 quibuscunque,
604 1738 763 1824 vobisque
793 1740 1069 1821 mandaverimus,
1102 1742 1191 1826 quod
1222 1741 1361 1807 eundem

316 1839 475 1905 Thomam
505 1841 763 1926 incorporalem
793 1842 1029 1927 possessionem
1062 1842 1249 1930 praebendae
1279 1865 1363 1930 prae·

308 1941 421 2020 dictae,
453 1963 528 2008 curn
563 1942 695 2028 juribus
734 1948 768 2008 et
802 1944 1014 2028 pertinentiis
1051 1945 1227 2031 praedictis‚
1250 1946 1362 2010 induci

314 2044 473 2123 faceretis,
496 2067 534 2110 ac
567 2044 639 2128 jam
671 2045 931 2110 intellexerimus
963 2045 1051 2131 quod
1077 2067 1136 2109 vos
1168 2045 1251 2110 nihil
1286 2047 1363 2112 inde

314 2145 475 2212 hactenus
504 2146 610 2212 facere
641 2146 790 2222 curastis,
816 2145 904 2210 unde
934 2146 1112 2232 plurimum
1144 2147 1365 2227 admiramur3

315 2247 410 2312 vobis
431 2247 635 2323 mandamus,
653 2229 739 2312 sicut
761 2247 844 2311 alias
865 2247 1105 2324 mandavimus,
1122 2248 1209 2333 quod
1224 2250 1365 2314 eundem
1410 2327 1413 2334 1

316 2349 476 2414 Thomam
510 2349 546 2412 in
569 2348 768 2434 corporalem
800 2348 1034 2433 possessionem
1063 2349 1250 2434 praebendae
1283 2372 1366 2436 prae-

315 2452 422 2528 dictae,
438 2471 512 2516 cum
535 2449 603 2514 suis
620 2449 752 2534 juribus
773 2454 807 2514 et
827 2449 1038 2535 pertinentiis
1061 2450 1237 2534 praedictis,
1253 2452 1367 2517 induci

242 2571 246 2580 “
318 2552 455 2630 faciatis,
484 2551 585 2636 juxta
617 2555 765 2615 tenorem
795 2551 945 2616 mandati
983 2551 1090 2616 nostri
1128 2553 1288 2638 praedicti,
1311 2554 1365 2617 vel

316 2674 448 2720 causam
478 2651 574 2716 nobis
604 2650 795 2736 significetis
820 2673 922 2736 quara
952 2652 1110 2718 mandato
1140 2658 1252 2718 nostro
1283 2675 1394 2740 pre,

316 2755 414 2832 dioto,
436 2753 518 2818 alias
541 2752 636 2818 vobis
657 2752 737 2817 inde
759 2753 892 2846 directo
915 2775 1028 2839 parere
1051 2754 1185 2818 minime
1208 2755 1363 2820 debeatis.

315 2857 411 2922 Teste
434 2855 565 2941 meipso,
589 2854 676 2940 apud
700 2854 1037 2934 westmonasterium,
1051 2869 1146 2922 xxv0.
1163 2855 1215 2921 die
1230 2856 1365 2943 Aprilis,

315 2979 402 3024 anno
424 2957 516 3043 regni
539 2956 645 3021 nostri
668 2961 769 3022 sexto.

315 3180 576 3246 Breveminquiren-
656 3141 824 3233 Ricardus,
845 3157 908 3222 Dei
934 3157 1052 3244 gratia,
1076 3157 1247 3245 episcopus
1268 3159 1524 3264 Dus-{me

316 3247 543 3299 dumdedirortio.
608 3257 769 3334 emensis,
792 3257 942 3338 Ricardo,
959 3257 1073 3324 eadem
1095 3251 1213 3344 gratia,
1237 3259 1363 3325 Dunel-
1376 3261 1518 3356 ssufflffi

315 3360 419 3424 mensi
451 3358 610 3445 episcope,
645 3359 792 3426 salutern.
854 3359 938 3425 Cum
974 3359 1044 3437 Ida,
1074 3381 1148 3445 quae
1179 3359 1245 3424 fuit
1279 3381 1364 3425 uxor
1391 3361 1533 3464 ”diffisso

301 3460 478 3525 ¹lobannis
501 3460 562 3524 filii
586 3460 798 3538 Marmeduci,
821 3460 857 3524 in
879 3460 972 3525 curia
994 3466 1114 3538 nostra,
1138 3481 1246 3524 coram
1264 3460 1503 3558 justi-fflffigf

316 3563 424 3628 ciariis
453 3561 585 3640 nostris,
608 3562 697 3649 apud
724 3561 936 3642 Dunelmum,
961 3565 1089 3647 peteret
1114 3582 1227 3626 versus
1251 3560 1363 3625 Ricar-
1376 3561 1532 3660 ffiffigohn,

317 3665 397 3730 dum
429 3661 533 3726 filiurn
565 3662 770 3728 Marmeduci
811 3663 945 3728 tertiam
979 3667 1109 3750 partam
1142 3663 1361 3729 maneriorum
1375 3659 1519 3755 ffifflss*

316 3766 357 3830 de
383 3764 609 3845 Silkesworth,
645 3763 802 3842 Hordon’‚
846 3763 1095 3842 Ravenishelm',
1125 3764 1297 3852 Lamesley
1329 3771 1364 3831 et

316 3866 518 3952 Heyghton',
541 3886 616 3931 cum
647 3865 867 3953 pertinentiis,
890 3871 933 3944 et,
956 3886 1071 3930 versus
1102 3866 1289 3933 Johannem
1321 3867 1363 3932 de

316 3970 429 4046 Tours,
452 3967 587 4032 tertiam
615 3971 743 4054 partem
772 3967 871 4032 unius
901 3967 1084 4052 messuagii,
1107 3967 1209 4031 trium
1233 3989 1363 4034 caruca·

315 4076 425 4137 tarum
448 4075 556 4150 term,
572 4073 606 4134 et
621 4069 762 4156 triginta
783 4069 997 4134 solidatamm
1019 4068 1178 4155 redditus,
1194 4089 1267 4133 cum
1290 4091 1363 4156 per-

316 4171 467 4238 tinentiis
498 4171 535 4234 in
560 4170 825 4257 Wynlawenton,
858 4165 898 4234 ut
923 4170 1036 4235 dotem
1071 4169 1174 4255 ipsius
1206 4167 1297 4248 Idae;
1328 4175 1364 4235 et

316 4275 403 4340 idem
419 4271 587 4338 Johannes
603 4272 643 4338 de
659 4271 764 4336 Tours
777 4271 921 4336 venisset
944 4271 981 4334 in
1002 4269 1116 4335 eadem
1140 4269 1240 4348 curia,
1255 4275 1290 4336 et
1304 4292 1365 4335 vo·
1474 4289 1476 4294 ·

316 4380 423 4445 cesset
445 4374 523 4438 inde
547 4373 590 4438 ad
613 4377 800 4438 warantum
822 4371 1018 4458 praedictum
1040 4371 1228 4449 Ricardum,
1252 4371 1308 4456 qui
1331 4373 1362 4438 ei

316 4475 561 4552 warantizavit,
583 4481 617 4540 et
639 4480 709 4539 tam
733 4474 774 4539 de
796 4473 897 4539 tertia
918 4478 1012 4559 parte
1034 4472 1266 4559 praedictorum
1293 4495 1362 4538 ma-

316 4581 492 4658 neriorum,
508 4597 609 4663 quarn
624 4576 665 4641 de
680 4576 781 4642 tertia
796 4579 891 4662 parte
913 4574 1144 4661 praedictorum
1160 4576 1374 4640 tenemento,

250 4697 256 4702 ”
316 4705 399 4761 rum,
420 4701 502 4767 quas
536 4679 643 4745 eidem
675 4677 821 4744 «Iohanni
845 4675 1228 4762 warantizavit,'objecit
1255 4676 1360 4743 eidem

404 4801 480 4852 VOL.
505 4800 542 4849 11.
1213 4795 1231 4844 S
