3362 5720
415 839 615 890 unumunuu
637 839 841 894 emensum
862 843 1104 894 nuunuususu
1198 831 1284 896 1293

66 1036 227 1092 Aulium.
240 1032 503 1088 consenescamus
581 1029 754 1096 Universis
779 1029 904 1096 Obiisti
925 1031 1087 1110 fidelibus,
1102 1039 1281 1119 praesentes
1312 1047 1434 1098 eluun-

239 1103 503 1235 ffifflffihfflff
535 1130 647 1196 literne
668 1131 871 1217 inspecturis,
892 1132 1061 1214 Ricardus,
1071 1134 1281 1221 permissione
1294 1107 1405 1203 iiiito?

239 1233 302 1283 Μ’·
535 1229 659 1314 divine,
683 1231 916 1298 Dunolmensis
938 1233 1116 1321 episcopus,
1138 1237 1280 1302 sulutem
1294 1207 1442 1301 {122⁰th

237 1332 275 1396 in
296 1335 443 1400 omnium
459 1333 638 1402 salvatore.
685 1333 856 1400 Noveritis
877 1357 937 1402 nos
951 1336 1145 1402 concessisse
1161 1337 1281 1404 dilecto
1293 1307 1412 1400 ilihiiss

237 1438 357 1514 nostiu,
379 1437 526 1502 Johunni
548 1437 589 1502 de
611 1433 800 1514 Evenwod',
824 1435 1005 1503 custodiam
1038 1437 1185 1503 omnium
1217 1406 1451 1503 ter-fflilsis

236 1555 347 1600 rurum
368 1541 404 1602 et
424 1540 686 1604 tenementorum
709 1557 783 1621 quae
804 1536 939 1603 fuenme
959 1537 1100 1604 Walteri
1137 1538 1179 1604 de
1200 1506 1451 1608 Lut-iiallffil‘t‘oie

236 1636 379 1723 rington,
399 1659 505 1726 nuper
526 1637 685 1716 defuncti,
707 1637 795 1704 inire
809 1637 996 1706 libertatem
1017 1644 1165 1706 nostrum
1187 1639 1282 1706 Dun-

236 1737 421 1820 olmeneem,
453 1745 487 1806 st
519 1741 563 1806 ud
595 1759 713 1806 munus
742 1743 871 1806 nostres
904 1740 1119 1820 devenerunt,
1149 1741 1283 1808 nomine

236 1843 402 1923 custodiae,
424 1845 550 1910 ratione
564 1844 702 1910 minoris
716 1843 826 1911 aetetis
849 1845 972 1924 Ivonis,
994 1845 1056 1912 filii
1085 1851 1122 1912 et
1143 1846 1284 1913 hoeredis

236 1943 381 2028 ejusdem
414 1945 574 2027 Wolteri;
602 1944 792 2011 habendum
826 1951 862 2012 et
895 1947 1076 2011 tenendum
1113 1947 1202 2014 dicto
1224 1948 1285 2014 Jo-

236 2043 347 2124 hnnni,
371 2045 555 2113 haenedibus
578 2051 612 2113 et
634 2046 809 2132 assignetis
832 2047 908 2125 suis,
923 2067 1028 2132 usque
1044 2048 1086 2112 ed
1101 2048 1283 2134 legitimam

237 2150 369 2211 eutem
391 2146 493 2234 ipsius
516 2147 638 2228 Ivonis,
660 2146 715 2212 vel
739 2146 874 2213 ulterius
897 2146 1037 2214 haeredis
1062 2149 1284 2235 cujuscunque

237 2243 325 2312 inire
346 2253 479 2313 aetetem
493 2247 675 2325 existentis,
689 2267 858 2334 quousque
871 2247 992 2335 uliquis
1014 2269 1127 2316 eorum
1148 2250 1280 2337 plenem

240 2351 374 2412 oetatem
394 2348 497 2415 fuem't
510 2352 687 2428 essecutus,
710 2369 875 2416 nuscum
896 2349 1084 2437 meritegiis
1106 2352 1283 2418 eorundem

237 2445 416 2529 heeredum,
440 2449 511 2514 sine
533 2449 805 2537 dispungetione
827 2449 979 2517 faciendo
1013 2451 1127 2517 omnia
1147 2451 1286 2518 servitis

240 2547 282 2614 de
303 2549 425 2616 eisdem
439 2551 536 2617 terris
563 2555 597 2617 et
617 2551 815 2617 tenementis
837 2549 950 2618 debite
972 2557 1007 2618 et
1031 2558 1195 2619 consuete.
1241 2551 1285 2618 In

238 2649 333 2735 eujus
365 2651 412 2717 rei
445 2651 680 2730 testimonium,
711 2656 889 2738 praesentes
911 2651 1024 2718 literas
1045 2653 1117 2720 fieri
1139 2653 1284 2734 fecimus,

238 2750 339 2836 sigilli
353 2753 457 2818 nostui
472 2753 655 2818 munimine
668 2753 844 2820 roboiutus.
874 2752 999 2820 Dutum
1014 2753 1102 2840 opud
1119 2752 1283 2834 Stekton’,

238 2849 357 2938 xxvij0.
380 2853 434 2918 dis
456 2855 576 2920 mensis
611 2853 770 2936 Octobris,
793 2875 880 2920 unno
911 2853 1049 2922 Domini
1072 2867 1286 2936 u⁰.coo⁰.xv⁰.,

238 2957 273 3018 et
294 2955 549 3022 consecrationis
569 2960 691 3022 nostrae
714 2955 838 3040 quinto.

579 3197 748 3279 Ricardus,
770 3198 982 3285 permissione
1012 3197 1135 3280 divine,
1157 3199 1284 3267 Dunol·
1299 3218 1457 3282 erminus

239 3239 375 3292 maesnio
425 3239 501 3291 meri·
1417 3273 1444 3315 ο,

238 3306 301 3370 tagit
313 3305 420 3357 domine
431 3306 502 3357 Aue
535 3298 655 3366 mensis
677 3300 856 3387 episcopus,
879 3299 999 3366 dilecto
1021 3299 1192 3368 domicello
1212 3322 1286 3367 nos·
1298 3282 1413 3373 iffi}

240 3387 307 3424 ¹³⁰¹*
321 3373 501 3424 ΗΜΘΝ·
534 3407 596 3481 uo,
611 3400 774 3492 uicuouo
795 3399 866 3465 fluo
882 3399 1041 3465 wiuums
1063 3400 1104 3466 se
1127 3401 1285 3488 nuesy,
1298 3371 1412 3463 tuen

240 3507 389 3588 sulutem,
405 3504 549 3592 guntione
571 3507 606 3568 et
619 3501 892 3570 benedictionem.
937 3501 1078 3567 Gratum
1093 3502 1288 3588 obsequium
1299 3469 1456 3613 ἓξὲξ.

242 3608 331 3694 quod
351 3607 455 3686 nobis,
486 3606 558 3692 jum
580 3604 640 3670 diu
674 3607 733 3682 est,
764 3601 908 3668 fideliter
943 3601 1137 3688 impendisti
1169 3602 1287 3670 effectu
1300 3619 1440 3712 3153}me

238 3709 382 3797 propitio
397 3708 582 3788 metientes,
596 3703 809 3790 maritagium
831 3701 961 3769 dilectus
975 3703 1070 3768 nobis
1092 3703 1130 3768 in
1145 3703 1288 3784 Christo,
1300 3717 1409 3768 sustu

239 3811 381 3878 dominae
418 3809 592 3889 Alienoree,
629 3804 743 3871 uxoris
779 3803 945 3890 quondum
982 3803 1108 3868 domini
1146 3803 1284 3871 Wolteri

239 3913 271 3978 le
292 3912 473 3992 Veyesour,
495 3907 554 3995 qui
576 3907 664 3973 diem
678 3927 783 3992 nuper
806 3903 924 3970 clausit
946 3908 1139 3986 extremum,
1161 3906 1205 3970 ud
1227 3927 1287 3973 nos

239 4013 418 4100 pertinens,
441 4010 569 4078 ratione
590 4006 733 4073 manerii
748 4005 789 4071 de
813 4003 990 4085 Ookefeld',
1014 4007 1102 4092 quod
1124 4006 1165 4072 de
1190 4007 1286 4074 nobis

240 4115 277 4179 in
298 4115 405 4202 cupite
427 4111 545 4190 tenuit,
561 4131 620 4198 per
634 4107 807 4174 servitium
828 4105 983 4186 militene,-
994 4107 1058 4173 tibi
1081 4109 1288 4176 concedimus

241 4219 275 4280 et
305 4215 487 4294 donemus3
508 4211 656 4278 volentes
677 4211 835 4295 praeterea
864 4206 962 4294 quod,
984 4208 1012 4272 si
1035 4207 1125 4276 dictu
1156 4208 1291 4277 domins

241 4315 398 4382 Alienoru
429 4313 486 4381 elii
509 4333 608 4400 quem
644 4310 718 4388 tibi,
748 4314 809 4375 tue
839 4329 937 4394 super
967 4308 1028 4374 hoo
1058 4308 1193 4378 licentia
1222 4331 1291 4376 non

243 4417 388 4496 obtentu,
422 4437 458 4482 se
489 4413 624 4480 duxerit
654 4408 884 4486 maritandum,
919 4407 1040 4474 hebens
1062 4413 1097 4474 et
1129 4409 1290 4498 percipies

244 4517 402 4605 quicquid
424 4516 562 4605 proficui
594 4518 629 4580 et
651 4509 812 4578 commodi
836 4507 1008 4594 pervenire
1031 4515 1150 4597 posset,
1181 4517 1217 4578 et
1246 4513 1290 4577 ud

242 4640 304 4686 nos
325 4613 499 4706 pertinere,
522 4617 564 4682 de
594 4613 801 4681 forisfactura
833 4607 914 4677 dieti
947 4609 1124 4700 maritagii,
1148 4610 1177 4678 si
1205 4611 1291 4679 illud

244 4721 281 4787 in
302 4741 437 4787 euenum
459 4723 608 4787 nostrum
629 4715 725 4782 nobis
740 4713 908 4801 pleeuerut
929 4713 1079 4781 tenuisse.
1126 4713 1169 4780 Iu
1198 4713 1293 4802 cujus
1350 4775 1354 4784 .
