3564 5744
517 827 717 880 samareum
740 825 943 880 rsussnruu
966 827 1208 880 nusnmsusn.
1305 816 1390 878 1115

167 1012 587 1078 accommodemus
610 1011 697 1100 regis
719 1012 955 1100 assignatis‚in
980 1013 1158 1100 praesentia
1179 1012 1330 1100 Hugonis
1352 1013 1394 1079 de
1422 1025 1479 1072 AD·
1487 1029 1544 1072 1³1⁶-

341 1113 495 1192 Loutbre,
517 1113 587 1180 loco
618 1113 756 1180 Roberti
778 1113 820 1179 11
853 1113 1020 1201 Clyfford’,
1053 1114 1231 1201 justiciarii
1264 1116 1395 1181 forestae

342 1214 469 1281 domini
490 1215 576 1302 regis
604 1215 695 1282 ultra
715 1215 882 1295 Trentam,
905 1237 964 1303 per
985 1217 1101 1282 literas
1131 1217 1235 1303 ipsius
1258 1215 1395 1282 Roberti

340 1316 440 1404 positi
463 1322 497 1382 et
527 1315 695 1404 assignati,
723 1323 831 1403 atque
854 1339 914 1404 per
943 1319 1054 1382 visum
1084 1318 1330 1384 forestariorum
1362 1323 1396 1382 11

340 1417 572 1484 viridariorum
594 1419 726 1484 forestae
749 1419 790 1483 de
817 1418 981 1497 Gaultres,
1004 1424 1037 1484 11
1059 1418 1200 1486 aliorum
1222 1420 1259 1483 in
1281 1419 1395 1484 eadem

340 1519 462 1585 foresta
492 1520 536 1586 cd
567 1518 886 1607 perambulationem
918 1520 1110 1607 praedictam
1133 1526 1394 1600 convocatorum,

340 1643 399 1710 per
429 1627 670 1688 sacramentum
693 1621 856 1687 Johannia
887 1622 927 1687 de
951 1623 1044 1686 Bella
1064 1622 1172 1707 Aqua,
1195 1621 1332 1688 Roberti
1355 1621 1396 1686 de

340 1723 454 1809 Percy,
498 1723 633 1790 Thomas
678 1722 719 1789 de
764 1722 932 1809 Ohauncy,
975 1723 1114 1788 Walteri
1158 1723 1200 1789 11
1245 1723 1396 1809 Perceay,

340 1825 480 1890 Arnaldi
516 1825 558 1889 de
595 1824 708 1910 Percy,
739 1823 903 1906 «Iohannis
937 1825 978 1891 de
1012 1823 1145 1890 Barton’
1177 1825 1218 1890 de
1256 1824 1395 1912 Fryton,

341 1927 475 1993 Tbcmae
507 1927 548 1992 11
584 1924 739 2007 Oolevile,
774 1925 938 1992 Jobannis
976 1925 1123 2006 Samson,
1155 1926 1318 1993 Johannis
1356 1926 1396 1991 de

342 2027 459 2112 Blaby‚
497 2025 634 2092 Roberti
672 2026 713 2091 de
751 2024 918 2105 Ooketon’,
957 2026 1122 2093 Jobannis
1160 2028 1200 2092 de
1239 2027 1396 2104 Hotham,

345 2127 532 2194 Alexandri
566 2127 608 2192 de
641 2125 740 2205 Cave,
763 2133 798 2191 et
820 2126 934 2192 Ivonis
966 2127 1008 2194 de
1031 2127 1199 2208 Ecketon’,
1231 2129 1397 2208 militum3

343 2232 400 2316 qui
423 2229 547 2306 dicrmt,
569 2249 667 2314 super·
690 2233 932 2294 sacramentum
954 2250 1061 2308 suum,
1084 2230 1172 2314 quod
1201 2235 1291 2296 recta
1324 2253 1397 2318 per-

343 2331 524 2398 ambulatio
558 2331 689 2396 forestae
720 2331 762 2394 de
784 2329 916 2396 Galtres
949 2331 1039 2396 facta
1061 2337 1112 2396 est
1142 2353 1202 2418 per
1232 2337 1337 2397 motas
1363 2337 1398 2398 11

343 2433 468 2500 divisae
504 2431 705 2518 subscriptas
720 2431 938 2513 3-videlioot,
978 2433 1094 2518 primo,
1130 2433 1317 2519 incipiendo
1354 2434 1396 2498 ad

345 2535 460 2623 pedem
483 2533 572 2598 muri
594 2533 741 2600 civitatis
772 2532 923 2614 Eboraci,
946 2531 1048 2619 juxta
1079 2533 1398 2621 Layrethorpbrigg’‚

318 2655 322 2660 '
344 2637 402 2723 qui
425 2635 595 2702 descendit
616 2633 740 2700 ibidem
762 2634 799 2699 in
821 2655 941 2720 aquam
963 2635 1005 2700 de
1028 2634 1126 2713 Foss',
1150 2635 1258 2701 eundo
1284 2657 1398 2701 versus

345 2739 545 2804 occidentem
576 2755 703 2823 semper
725 2757 784 2823 per
806 2736 966 2801 fossatum
996 2735 1141 2821 ejusdem
1168 2737 1263 2815 muri,
1295 2759 1398 2822 usque

345 2841 388 2906 ad
410 2839 512 2904 alium
535 2838 652 2924 pedem
675 2837 820 2923 ejusdem
852 2837 949 2916 muri,
973 2837 1031 2922 qui
1054 2838 1223 2903 descendit
1245 2837 1280 2901 in
1312 2859 1398 2924 aqua

344 2942 385 3008 de
400 2940 524 3018 House,
541 2940 643 3025 juxta
657 2938 834 3025 Hospitalc
850 2937 965 3004 Sancti
981 2937 1144 3004 Leonardi
1159 2938 1374 3006 Eboracensis
1388 2965 1396 3021 ;

345 3048 379 3109 et
401 3041 447 3108 sic
469 3041 511 3106 de
534 3039 618 3127 pede
640 3039 729 3105 illius
751 3038 848 3116 muri,
863 3038 900 3103 in
923 3060 1043 3124 aquam
1067 3040 1107 3106 de
1130 3040 1244 3106 House
1265 3041 1396 3108 descen·

345 3145 451 3222 dente,
475 3140 688 3220 ascendendo,
711 3163 839 3228 semper
864 3162 922 3228 per
943 3141 1035 3208 illam
1066 3162 1187 3227 aquam
1210 3142 1251 3208 de
1274 3143 1397 3221 Housc,
1463 3155 1469 3164 '

345 3243 514 3330 usquead
536 3243 700 3328 quendam
722 3241 879 3319 rivulum,
908 3263 984 3326 quae
1006 3248 1145 3307 vocatur
1166 3251 1182 3277 “
1195 3243 1308 3329 Kyle,”
1341 3245 1396 3310 de·

345 3347 554 3414 scandentem
591 3344 627 3407 in
657 3364 744 3430 aqua
780 3343 822 3408 de
853 3342 969 3408 House
999 3343 1088 3407 inter
1121 3342 1266 3409 Neuton'
1300 3367 1398 3431 super
1456 3397 1458 3411 .

346 3448 459 3513 House
481 3450 516 3513 et
538 3446 681 3532 Lynton'
704 3465 802 3532 super
816 3444 950 3525 House;
965 3449 1000 3510 et
1021 3443 1125 3510 sic'ab
1147 3444 1203 3510 illo
1226 3445 1333 3512 rivulo
1357 3447 1397 3512 de

347 3548 444 3636 Kyle,
467 3570 515 3614 ex
533 3547 671 3612 australi
701 3551 795 3634 parte
828 3545 985 3631 ejusdem,
1008 3565 1136 3632 semper
1169 3567 1228 3638 per
1257 3548 1397 3613 eundem

346 3651 492 3715 rivulum
524 3647 727 3714 ascendendo
757 3666 861 3733 usque
883 3646 927 3712 cd
949 3650 1084 3732 pontem
1106 3645 1147 3711 de
1177 3646 1398 3735 Carnebryg';

347 3751 450 3818 etsie
476 3750 594 3816 deinde
624 3748 829 3815 ascendendo
860 3769 919 3835 per
941 3747 1082 3812 eundem
1108 3748 1263 3828 rivulum,
1294 3771 1398 3835 usque

347 3873 407 3941 per
443 3851 588 3918 medium
626 3849 736 3938 stagni
773 3849 815 3916 de
852 3849 947 3927 Alne‚
987 3847 1073 3915 sicut
1112 3870 1199 3935 aqua
1236 3849 1277 3915 de
1310 3852 1397 3938 Kyle

348 3953 452 4021 currit
478 3954 595 4018 subtus
626 3950 868 4030 Flatbewatb'3
906 3954 941 4016 et
971 3950 1017 4016 sic
1039 3949 1159 4016 deinde
1184 3951 1397 4034 ascendendo,

348 4076 477 4143 semper
509 4075 568 4141 per
589 4073 710 4139 aquam
743 4051 785 4117 de
808 4050 898 4138 Kyle
919 4071 1034 4117 versus
1057 4051 1198 4130 boream,
1220 4073 1325 4138 usque
1351 4054 1398 4146 'ed

349 4163 483 4245 pontem
505 4157 547 4221 de
570 4153 798 4241 Hamerbrigg
810 4177 819 4233 ;
849 4160 883 4218 et
913 4152 960 4218 sic
991 4151 1109 4220 deinde
1132 4174 1259 4240 semper
1288 4175 1397 4220 ascen·

351 4260 468 4337 dendo,
489 4278 548 4344 per
576 4255 669 4322 illam
691 4275 810 4341 aquam
833 4255 874 4320 de
898 4253 987 4340 Kyle
1009 4275 1113 4340 usque
1135 4254 1179 4321 ad
1201 4259 1335 4341 pontem
1357 4257 1398 4322 11

351 4359 589 4446 Reakelbrygg'
601 4382 609 4438 ;
631 4361 666 4423 11
688 4357 734 4422 sic
765 4355 884 4421 deinde
910 4376 1037 4442 semper
1064 4377 1124 4443 per
1156 4355 1248 4422 illam
1277 4378 1398 4443 aquam

316 4535 319 4540 ,
351 4463 393 4528 11
423 4461 512 4548 Kyle
533 4481 647 4526 versus
669 4457 838 4536 orientem,
868 4477 971 4543 usque
994 4457 1036 4522 ad
1067 4457 1341 4544 Wanelesmylne,
1364 4464 1399 4526 11

352 4565 399 4631 sic
436 4562 554 4629 deinde
592 4562 632 4628 11
671 4558 923 4625 Wanelesmilne
955 4559 1156 4637 divertendo,
1178 4581 1306 4647 semper
1342 4583 1400 4649 per

352 4662 610 4756 Wyterbeksik',
624 4683 727 4748 usque
741 4661 785 4728 ad
800 4681 933 4748 percum
949 4659 990 4726 de
1000 4659 1121 4747 Orayk'
1134 4650 1148 4743 ;¹
1157 4666 1192 4728 et
1213 4661 1259 4729 sic
1281 4661 1400 4730 deinde
