3506 5702
471 806 672 860 sacramen
693 806 896 858 ramrmun
919 805 1162 858 numennumen.
1276 792 1343 862 '765

127 998 461 1086 maenaaqnatinus,
483 1000 565 1065 visis
587 997 813 1087 praesentibus,
837 998 874 1062 in
897 1019 996 1064 causa
1018 997 1176 1084 praedicta
1198 987 1338 1062 ulterius
1373 1001 1429 1048 MJ-
1438 1005 1497 1051 1³1⁵·

295 1101 431 1166 minime
453 1101 646 1188 procedatis,
667 1100 819 1186 partibus
841 1098 1018 1186 praedictis,
1043 1089 1139 1186 quod,
1172 1096 1260 1162 infra
1285 1117 1344 1162 sex

296 1204 366 1268 dies
395 1203 438 1268 ab
470 1203 618 1269 adventu
648 1207 762 1267 nostro
784 1200 873 1267 infra
894 1205 1042 1266 nostram
1069 1200 1246 1280 dioecesim,
1269 1197 1342 1264 ubi-

296 1325 424 1391 cunque
456 1304 623 1383 fuerimus,
657 1307 868 1389 compareant
901 1323 1009 1369 coram
1034 1300 1138 1381 nobie,
1166 1300 1343 1368 secundum

294 1407 433 1471 formam
466 1411 703 1471 retroactorum
715 1429 723 1485 ;
752 1426 860 1470 coram
883 1403 979 1470 vobis
1010 1403 1199 1490 processuri,
1224 1399 1345 1466 facturi

294 1506 441 1587 ulterius,
457 1511 492 1573 et
507 1507 680 1594 recepturi,
697 1506 785 1592 quod
802 1505 936 1592 justitia
951 1503 1099 1585 suaserit,
1115 1503 1346 1590 praefigentea3

294 1609 414 1694 quibus
448 1609 503 1674 die
537 1614 573 1675 et
604 1609 675 1674 loco
708 1627 893 1694 processum
928 1605 1080 1672 habitum
1111 1607 1201 1671 inter
1237 1605 1343 1672 dictas

293 1716 403 1797 partes
425 1731 534 1777 coram
550 1710 644 1775 vobis
667 1709 758 1774 mitti
774 1710 927 1776 volumus
944 1709 1041 1774 nobis
1064 1709 1168 1794 plene.
1215 1707 1341 1774 Valete.

294 1812 418 1878 Datum
450 1812 538 1899 apud
561 1809 726 1897 Rychale',
752 1809 839 1897 xiij0.
867 1812 920 1877 die
951 1809 1152 1887 Decembris,
1174 1830 1342 1876 consecra·

294 1913 394 1980 tionis
415 1920 537 1981 nostrae
559 1936 646 1980 anno
669 1915 797 2001 quinto.

294 2130 401 2183 cellam
415 2131 556 2196 prebenda
632 2115 803 2196 Ricardum,
826 2115 1039 2201 permissione
1070 2114 1193 2193 divina,
1216 2111 1505 2180 Dunol-oeuaronor

293 2197 557 2328 ssggffnjohffi
589 2214 711 2282 mensis
740 2216 916 2302 episcopus,
940 2215 1058 2280 dilecto
1084 2215 1164 2297 filio,
1186 2176 1508 2322 magistratiffeoiiogrzpnd

293 2329 450 2380 aroer.
590 2311 739 2383 iohanni
776 2318 817 2383 ae
854 2315 994 2382 nosos
1033 2315 1158 2393 aeaco,
1194 2316 1343 2394 seruam,
1356 2289 1476 2420 ggigho,

294 2419 438 2504 gratiam
475 2426 510 2486 et
551 2419 819 2485 benedictionem.
890 2418 974 2484 Cum
1012 2417 1093 2484 vitae
1129 2417 1341 2499 conversatio,
1356 2426 1514 2530 gffiw

295 2521 477 2587 literaturae
508 2519 712 2602 sufficientia,
751 2524 786 2585 at
814 2519 881 2585 alia
917 2519 1084 2584 virtutum
1121 2540 1268 2596 munera,
1298 2523 1342 2597 te,
1356 2525 1458 2579 ansvaga

289 2623 390 2710 juxta
411 2624 498 2688 latus
527 2628 678 2687 nostrum
702 2621 856 2708 jamdiu
881 2626 933 2686 est
963 2625 1202 2702 conversatum,
1234 2621 1343 2686 reddi·
1356 2576 1416 2621 Μ’

293 2725 404 2790 derint
426 2723 655 2809 multipliciter
676 2723 978 2800 commendabilem,
994 2729 1029 2788 et
1050 2721 1221 2787 favoribus
1244 2723 1342 2788 attol-
1397 2717 1406 2734 '

292 2827 435 2904 lendum,
467 2825 541 2902 tibi,
568 2825 636 2890 tuis
659 2825 785 2889 meritis
808 2824 1029 2911 exigentibus,
1062 2824 1275 2910 praebendam
1304 2825 1340 2888 in

297 2925 431 2993 ecclesia
453 2927 493 2991 de
524 2925 967 3012 Norton',quamRogen1s
1000 2926 1151 3012 Sauvaga
1174 2927 1341 3012 quondam

293 3029 411 3110 tenuit,
435 3049 495 3114 per
520 3027 623 3114 ipsius
652 3027 790 3093 liberam
819 3027 1074 3115 resignationem
1100 3033 1284 3104 vacantem,
1308 3033 1343 3092 et

294 3133 336 3196 ad
350 3134 498 3196 nostram
513 3128 719 3194 collationem
735 3129 832 3226 pleno
849 3129 926 3215 jure
949 3135 1163 3216 spectantem,
1178 3151 1252 3195 cum
1274 3130 1343 3194 suis

289 3234 420 3318 juribus
435 3237 470 3298 et
484 3231 694 3318 pertinentiis
709 3231 882 3310 universis,
894 3230 1102 3310 conferimus,
1117 3232 1245 3297 intuitu
1262 3233 1343 3297 cari-

294 3336 382 3412 tatis,
400 3341 506 3420 teque,
530 3355 589 3418 per
610 3337 760 3399 nostrum
783 3332 953 3412 annulum,
977 3332 1176 3398 investimus
1198 3353 1341 3417 praesen-

294 3437 419 3503 tialiter
440 3436 481 3501 de
505 3435 634 3501 eisdem.
681 3434 724 3498 In
747 3434 841 3518 cujus
863 3435 911 3499 rei
933 3432 1171 3515 testimonium,
1187 3433 1247 3498 has
1269 3433 1343 3498 lite·

293 3561 346 3604 ras
379 3543 509 3604 nostras
542 3537 605 3602 tibi
627 3536 699 3601 fieri
733 3535 869 3600 fecimus
903 3539 1065 3621 patentes,
1099 3533 1206 3620 sigillo
1229 3539 1342 3600 nostro

293 3643 448 3727 signatas.
495 3639 621 3702 Datum
644 3636 733 3723 apud
766 3636 922 3721 Rychale,
954 3634 1038 3721 xvj⁰.
1063 3636 1117 3700 die
1145 3636 1344 3715 Decembris,

292 3763 380 3807 anno
402 3740 538 3806 Domini
561 3738 736 3804 millesime
759 3735 913 3815 ccc⁰.xv⁰.,
936 3743 970 3802 et
992 3738 1245 3804 consecrationis
1267 3759 1342 3804 nos·

294 3850 358 3908 trae
381 3843 505 3928 quinto.

296 4085 414 4136 Ineunte
435 4084 463 4135 in
538 4059 698 4124 Ricardus
735 4063 805 4138 ete,
842 4057 962 4123 dilecto
999 4058 1079 4136 filio,
1110 4109 1117 4123 .
1153 4109 1159 4124 .
1195 4109 1203 4125 .
1239 4060 1513 4136 embammatum

294 4154 390 4202 eadem
496 4159 633 4227 diacono
662 4164 775 4224 nostro
805 4159 1032 4242 Dnnolmensi,
1056 4159 1110 4225 vel
1132 4160 1202 4246 ejus
1242 4213 1248 4228 .
1289 4213 1295 4229 .
1336 4125 1486 4268 ‚ipssr‘iiiii‘fie

174 4293 180 4303 ·
296 4261 434 4340 officiali,
456 4261 605 4340 salutem,
619 4261 760 4348 gratiam
783 4266 818 4326 et
839 4261 1106 4328 benedictionem.
1153 4262 1240 4343 Quia
1260 4227 1505 4368 prce-tpifiiiiii

295 4364 447 4442 bendum
472 4384 546 4448 quae
577 4363 642 4428 fuit
673 4357 798 4426 domini
831 4363 952 4449 Rogeri
974 4363 1125 4450 Saurage
1151 4364 1188 4428 in
1210 4329 1476 4434 eeclesiaicld‘iiiou

296 4469 336 4532 de
359 4465 508 4546 Norton'‚
531 4486 589 4552 per
620 4464 723 4550 ipsius
755 4468 969 4549 spontaneam
1001 4465 1263 4553 resignationem,
1285 4425 1463 4537 vamm-

296 4575 435 4649 cantem,
465 4573 500 4634 et
534 4569 578 4633 ad
612 4572 758 4633 nostram
788 4562 996 4633 collationem
1024 4569 1122 4654 pleno
1147 4571 1222 4656 jure
1252 4595 1341 4660 spec-

295 4677 432 4752 tantem,
476 4670 596 4738 dileoto
632 4669 711 4752 filio,
734 4669 893 4757 magistro
935 4669 1082 4737 Johanni
1116 4672 1158 4737 de
1192 4673 1341 4760 Norton'‚
