3452 5702
483 777 682 828 nnorsrauu
705 775 908 828 ramrmuu
929 777 1171 829 nurnaumsa
1284 763 1348 834 7⁶1

128 973 292 1048 ¹sustantes
305 963 340 1024 et
362 960 631 1046 predecessorum
655 967 851 1040 vestrorum,
872 963 981 1048 quoad
1008 963 1175 1048 praemissa
1196 963 1351 1050 exigente
1379 973 1501 1022 tlt-1⁸¹&

301 1059 446 1148 justitia,
461 1061 664 1129 decrevimus
681 1063 751 1129 foro
773 1064 996 1146 mittendum
1018 1065 1254 1152 paternitatem
1279 1087 1352 1130 ves-

306 1166 393 1226 tram
409 1165 626 1248 reverendam,
649 1187 723 1231 cum
747 1187 787 1232 ea
805 1187 870 1251 qua
893 1168 988 1232 decet
1009 1166 1205 1246 reverentia,
1226 1173 1352 1234 mutuae

307 1264 545 1332 vicissitudinis
567 1268 715 1345 obtentu,
738 1268 836 1334 acin
855 1269 941 1355 juris
967 1268 1161 1346 subsidium,
1178 1269 1353 1335 affectuose

307 1366 503 1450 requirimus
541 1375 575 1434 et
606 1391 770 1456 rogamus,
793 1375 966 1455 quatenus,
997 1371 1136 1456 registro
1168 1376 1287 1448 vestro,
1314 1392 1352 1437 ac

304 1487 533 1551 praecessorum
568 1476 603 1536 et
634 1471 906 1558 praedeoeesorum
929 1477 1113 1554 vestrorum
1143 1472 1352 1558 investigato,

307 1567 433 1652 plenius
456 1575 491 1636 et
512 1572 642 1650 rimato,
666 1573 822 1659 quicquid
846 1595 943 1660 super
963 1575 1167 1639 assecutione
1191 1579 1225 1638 et
1252 1574 1352 1638 titulo

306 1668 408 1754 ipsius
435 1673 585 1760 magistri
613 1675 744 1740 Ricardi
768 1675 805 1740 in
828 1673 962 1742 eeclesia
982 1677 1024 1744 de
1045 1675 1209 1757 Quicbam
1227 1697 1351 1741 memo·

305 1777 441 1849 ratast
464 1775 611 1870 ejusdem
634 1777 813 1856 ordinibus,
829 1800 952 1843 necnon
977 1779 1180 1866 temporibus
1202 1779 1350 1843 omnium

306 1879 340 1937 et
362 1876 566 1962 singulorum
588 1881 829 1965 praemissorum
860 1882 983 1967 poterit
1004 1881 1157 1956 inveniri,
1181 1880 1269 1946 dicto
1292 1881 1351 1944 do·

306 1975 404 2054 mino,
428 2027 436 2043 .
460 2024 468 2041 .
493 2030 499 2044 .
523 1980 664 2064 officiali,
688 1983 791 2060 nobis,
820 1987 880 2047 aut
909 1982 968 2046 aiii
996 1983 1100 2068 ipsius
1123 1982 1352 2060 commissario,

306 2079 406 2144 tertio
429 2079 483 2145 die
500 2081 644 2166 juridico
666 2086 743 2167 post
768 2083 890 2146 festum
915 2082 1046 2146 Sanotae
1072 2082 1182 2148 Luciae
1197 2082 1354 2168 Virginis,

306 2177 349 2242 ad
373 2178 542 2245 ecclesiam
565 2183 679 2248 Beata
694 2180 810 2248 Mariae
836 2183 877 2247 de
892 2183 1045 2248 Arcubus
1069 2183 1270 2268 praedictam,
1292 2185 1354 2248 sub

307 2279 416 2365 sigillo
438 2286 547 2346 vestro
570 2282 794 2348 transmittere
817 2284 927 2348 velitis
949 2283 1111 2348 inclusum
1129 2307 1138 2362 ;
1160 2289 1194 2349 et
1216 2285 1297 2370 quid
1319 2287 1355 2350 in

308 2381 486 2467 praemissis
522 2382 682 2449 duxeritis
708 2385 904 2465 faciendum,
932 2385 1058 2450 dictum
1088 2385 1259 2450 dominum
1282 2439 1289 2450 .
1314 2439 1353 2455 ..

309 2481 487 2562 officialem,
504 2499 571 2562 nos,
586 2486 763 2550 eutalium
779 2487 882 2572 ipsius
904 2487 1171 2565 commissarium,
1187 2487 1284 2554 dictis
1299 2488 1353 2554 die

309 2589 344 2648 et
365 2583 445 2662 loco,
468 2584 496 2648 si
519 2586 636 2670 placet,
651 2587 832 2654 certificare
854 2588 983 2667 curetis,
1008 2611 1066 2676 per
1091 2588 1203 2654 literas
1225 2595 1352 2656 vestras

306 2690 466 2771 patentes,
488 2687 605 2752 harum
628 2690 744 2754 seriem
777 2691 989 2756 continentes,
1032 2690 1160 2756 ‚Datum
1185 2691 1350 2772 Londinii,

305 2788 404 2853 tertio
427 2788 493 2854 kal.
518 2789 727 2872 Novembris,
754 2813 843 2856 anno
865 2792 1003 2858 Domini
1026 2792 1200 2858 millesimo
1225 2798 1350 2860 trecen-

304 2889 421 2955 tesimo
445 2891 694 2976 quintodecimo.

305 3125 448 3190 Roeponuo
470 3128 503 3176 eu
582 3096 753 3175 Ricardus,
792 3099 1003 3186 permissione
1051 3099 1175 3177 divina,
1222 3098 1350 3165 Dunol·
1401 3109 1473 3154 tua

307 3193 419 3242 ΨΜ
537 3202 657 3268 mensis
680 3202 858 3288 episcopus,
880 3201 1019 3268 &creto
1042 3201 1115 3266 viro
1138 3201 1272 3266 domino
1295 3199 1350 3264 de·
1362 3171 1495 3274 &diiii

307 3325 386 3370 cano
406 3289 551 3372 ¹ecclesia
572 3304 614 3371 'de
636 3303 796 3380 Aroubus,
811 3303 976 3380 Londinii,
1000 3302 1149 3369 domini.
1174 3351 1183 3367 .
1207 3301 1351 3367 officialis
1363 3271 1520 3418 &iiiive

307 3407 404 3473 emim
426 3406 673 3474 cantuariensis
695 3405 915 3470 commissario
936 3405 1090 3492 generali,
1112 3403 1262 3481 salutem,
1277 3425 1352 3468 cum
1434 3403 1440 3416 “

306 3509 535 3575 benedictione
550 3514 586 3573 et
599 3507 708 3595 gratia
730 3505 921 3572 salvatoris.
969 3506 1055 3572 Cum
1070 3527 1129 3594 per
1143 3511 1270 3571 vestras
1292 3527 1352 3570 nos

306 3610 426 3690 literas,
441 3611 581 3678 obtentu
603 3615 729 3674 mutuas
750 3607 999 3688 vicissitudinis,
1013 3607 1189 3674 affectuose
1214 3608 1351 3696 requisi-

307 3714 433 3792 veritis,
444 3713 542 3800 quod,
554 3713 694 3799 registro
703 3715 815 3776 nostro
830 3715 865 3775 et
879 3710 1151 3798 praedecessorum
1165 3717 1350 3779 nostrorum

308 3815 522 3901 investigato,
533 3815 662 3901 plenius
678 3818 711 3879 et
725 3813 856 3892 rimato,
864 3814 1021 3901 quicquid
1035 3837 1133 3902 super
1148 3815 1351 3882 assecutione

310 3921 344 3981 et
366 3916 465 3983 titulo
488 3916 638 4004 magistri
661 3915 793 3980 Ricardi
820 3916 861 3980 de
883 3917 1073 4002 Leycestria
1095 3915 1131 3980 in
1155 3917 1290 3982 acclama
1311 3917 1352 3981 de

309 4017 480 4099 Quicham,
494 4024 616 4085 nostran
632 4018 789 4096 dioeoasis,
805 4023 839 4083 et
854 4018 1025 4083 ordinibus
1048 4016 1194 4101 ejusdem
1208 4017 1352 4082 inveniri

308 4125 426 4208 posset,
442 4121 545 4199 vobis,
566 4125 655 4187 certa
676 4120 717 4185 de
740 4141 837 4186 causa
857 4119 895 4183 in
917 4119 1013 4184 dietis
1034 4117 1140 4183 literis
1163 4119 1282 4184 vestris
1304 4121 1354 4186 in-

310 4228 407 4300 serta,
427 4223 490 4288 sub
519 4221 627 4308 sigillo
649 4227 770 4299 nostro,
793 4219 1021 4286 transmittere
1051 4241 1258 4302 curaremus3
1285 4223 1351 4288 dis·

308 4325 445 4390 cretioni
467 4329 606 4406 vestrae3
627 4325 671 4390 ad
686 4323 933 4411 requisitionem
948 4326 1103 4398 vestram,
1117 4327 1243 4388 mutuae
1259 4322 1352 4389 vicis·

307 4427 462 4493 situdinis
492 4427 640 4504 obtentu,
665 4431 699 4491 et
734 4425 801 4513 [in]
832 4424 917 4510 juris
949 4423 1140 4503 subsidium,
1162 4425 1354 4492 intimamus

308 4530 404 4616 quod,
419 4531 568 4616 inspecto
591 4528 730 4616 registro
747 4527 843 4592 bonae
866 4525 1032 4592 memoriae
1055 4525 1181 4592 domini
1203 4529 1352 4611 Antonii,

309 4632 557 4719 praedecessoris
583 4630 698 4708 nostri,
722 4629 909 4694 invenimus
946 4629 1121 4716 praefatum
1153 4631 1352 4718 magistrum
