3570 5718
397 735 462 802 936
575 746 775 798 numeratur
797 743 1001 798 remrrruu
1023 745 1266 798 nuumunrsu.

244 953 368 1000 annua
396 936 554 1014 dioecesis,
577 936 665 1022 quod
687 936 787 1002 iidem
817 936 908 1024 prior
930 942 964 1002 et
994 935 1223 1016 archidiaconi,
1246 937 1282 1002 in
1305 939 1622 1025 propriisanuruea

397 1041 543 1128 personis
566 1039 642 1114 suia,
667 1044 700 1104 et
722 1038 846 1103 dictum
874 1037 1055 1123 capitulum
1077 1059 1270 1126 perunum,
1293 1039 1448 1126 idemque

396 1142 510 1222 clerus,
538 1161 596 1228 per
618 1141 707 1217 duos,
730 1146 954 1225 procuratores
976 1140 1119 1221 idoneos,
1141 1140 1272 1227 plenam
1295 1147 1329 1206 et
1359 1140 1448 1206 suffi-

396 1245 538 1312 cientem
561 1247 758 1329 potestatem
780 1242 822 1307 ab
844 1241 925 1327 ipsis
948 1241 1091 1328 capitulo
1113 1246 1149 1306 et
1171 1241 1257 1308 ciero
1280 1241 1447 1320 habentes,

397 1368 465 1412 una
486 1344 656 1409 vobiscum
679 1343 843 1420 intersint,
867 1341 972 1408 modis
1003 1341 1166 1422 omnibus,
1200 1347 1281 1409 tunc
1303 1343 1426 1409 ibidem
1438 1369 1447 1425 ;

398 1449 441 1514 ad
478 1446 664 1512 faciendum
701 1449 736 1509 et
768 1443 1041 1510 consentiendum
1070 1444 1135 1509 hiis
1166 1465 1240 1530 quae
1277 1450 1368 1525 tuno,
1405 1446 1447 1511 de

398 1547 564 1614 communi
586 1545 729 1622 consiliu,
758 1545 893 1610 favente
920 1544 1071 1623 Domino,
1095 1544 1240 1610 ordinari
1272 1547 1448 1634 contigerit

398 1671 495 1737 super
516 1648 657 1735 negotiis
679 1646 862 1713 antedictis.
909 1647 954 1711 Et
976 1647 1038 1712 hoe
1063 1646 1253 1712 nuliatenus
1276 1649 1447 1715 omittatis.

398 1752 494 1816 Teste
516 1749 647 1835 meipso,
670 1748 758 1838 apud
780 1746 928 1828 Devorr',
943 1747 1053 1834 xxiijo.
1070 1748 1124 1814 die
1148 1747 1238 1828 Maii,
1253 1770 1340 1816 anno
1354 1751 1447 1840 regni

397 1853 501 1919 nostri
523 1857 625 1918 sexto,

228 2066 360 2122 umine·
397 2086 480 2137 Breve
491 2083 674 2150 proseptum
752 2054 945 2133 Edwardus,
978 2053 1043 2120 Dei
1076 2055 1192 2142 gratia,
1226 2077 1285 2122 rex
1307 2057 1448 2144 Angliae,

231 2119 360 2164 vritoiao·
787 2156 794 2172 .
922 2157 928 2171 .
1016 2155 1023 2170 .
1330 2159 1337 2174 .
1401 2159 1408 2174 .

229 2168 381 2265 ggttppnoedgr
396 2153 596 2204 nemaeum.
708 2157 860 2221 dommus
883 2156 1122 2234 Hibern1ae,et
1152 2158 1222 2222 dux
1248 2156 1447 2244 Aqurtamae,

229 2229 328 2322 nodia.
395 2261 575 2329 venerabili
602 2263 639 2326 in
671 2259 803 2326 Christo
833 2258 930 2344 patri,
965 2257 1116 2340 Ricardo,
1151 2261 1265 2325 eadem
1298 2261 1447 2349 [gratia],

397 2366 547 2452 episcopo
570 2361 795 2439 Dunolmensi,
819 2360 965 2425 salutem.
1013 2359 1132 2426 Sciatis
1157 2361 1243 2447 quod
1261 2361 1448 2448 Stephanus

396 2469 437 2534 dc
453 2467 542 2532 Malo
558 2467 656 2542 Lacu,
672 2462 920 2528 archidiaconus
943 2460 1134 2541 Oliveland’,
1158 2463 1291 2548 quietus
1323 2470 1381 2546 est,
1405 2465 1447 2530 ad

397 2569 603 2636 Seeccarium
625 2572 783 2643 nostrum,
799 2564 841 2628 de
863 2563 963 2649 iiij..¹¹
987 2565 1111 2642 marcis,
1128 2585 1211 2650 quas
1233 2566 1328 2632 nobis
1350 2567 1449 2632 debet

396 2672 437 2736 de
470 2672 545 2748 fine,
575 2670 654 2755 quia
684 2665 857 2731 exercebat
886 2665 1150 2750 jurisdictionem
1181 2666 1379 2734 ordinariam
1411 2669 1448 2734 in

396 2772 545 2859 prioratu
577 2767 802 2846 Dunolmensi,
845 2772 960 2832 contra
998 2768 1253 2853 prohibitionem
1291 2777 1445 2836 nostram.

397 2874 441 2938 Et
464 2873 538 2937 ideo
560 2872 654 2936 vobis
676 2869 879 2948 mandamus,
902 2867 990 2955 quod
1013 2867 1208 2956 praedictum
1231 2871 1447 2958 Stephanum,

397 2997 456 3062 pro
479 2973 621 3040 denariis
651 2970 826 3058 praedictis,
859 2970 900 3035 de
933 2975 1051 3037 caetero
1074 2993 1139 3037 nou
1163 2971 1390 3060 distringatis3
1412 2978 1447 3040 et

396 3081 608 3162 sequestrum,
632 3073 768 3159 siquod
792 3072 828 3135 iu
858 3071 954 3136 bonis
987 3073 1054 3137 suis
1077 3073 1309 3155 ecclesiasticis,
1333 3096 1373 3140 ea
1395 3098 1446 3142 oc-

396 3179 534 3255 casione,
556 3174 678 3262 apponi
701 3171 852 3251 feceritis,
879 3173 949 3238 sinc
971 3174 1129 3241 dilatione
1154 3175 1295 3241 relaxari
1317 3177 1447 3244 faciatis

396 3279 511 3346 eidem.
557 3277 661 3354 Teste,
676 3275 727 3340 W.
750 3275 791 3340 de
814 3273 975 3353 Norwico,
998 3277 1086 3362 apud
1108 3276 1445 3362 westmonasterium,

397 3379 480 3467 xvj0.
503 3379 556 3445 die
572 3378 677 3455 Junii,
699 3398 786 3442 anno
807 3377 900 3463 regni
922 3378 1027 3443 nostri
1058 3378 1269 3444 sexte-Per
1290 3401 1447 3468 magnum

398 3481 545 3550 rotulum
569 3479 610 3545 de
632 3499 720 3545 anuo
743 3483 860 3564 quarto
882 3478 968 3565 regis
991 3479 1149 3544 Edwardi
1171 3500 1267 3547 nune

258 3711 350 3759 ruera
397 3721 479 3772 Breve
508 3737 535 3770 ro
547 3721 590 3772 st,
607 3721 673 3770 hono
753 3685 947 3763 Edwardus,
972 3683 1035 3750 Dei
1066 3685 1185 3773 gratia,
1216 3709 1275 3754 rex
1305 3689 1445 3777 anglia,

227 3773 360 3868 Ξξῆξξῖ·
397 3789 427 3840 oe
440 3735 607 3838 nabasce?
708 3787 861 3852 dominus
892 3786 1072 3866 Hiberniae,
1096 3794 1131 3854 et
1152 3791 1222 3855 dux
1243 3792 1445 3878 Aquitaniae,

227 3875 367 3976 &diffie
396 3891 576 3958 venerabili
613 3890 650 3953 in
688 3887 819 3954 Christo
857 3887 952 3973 patri,
993 3887 1141 3971 Ricardo,
1180 3891 1293 3958 eadem
1329 3895 1446 3982 gratia,

228 3974 328 4028 ΜΨ
396 3993 614 4061 Duuolmcnsi
645 3991 803 4077 episcopo,
835 3989 981 4055 salutem.
1028 3989 1115 4070 Quia
1148 3993 1304 4078 placitum
1333 3999 1384 4061 est
1410 3996 1445 4059 in

396 4098 487 4165 curia
531 4099 653 4170 nostra,
684 4113 791 4158 eoram
833 4091 1011 4156 baronibus
1044 4091 1085 4156 de
1119 4091 1286 4160 Scaccario
1324 4103 1445 4176 nostro,

396 4201 484 4264 inter
506 4195 712 4283 Stephanum
744 4192 784 4257 de
810 4191 897 4258 Maio
919 4193 1016 4270 Lacu,
1039 4214 1211 4279 personam
1232 4197 1375 4264 ecclesiae
1404 4201 1445 4266 de

396 4299 573 4387 Hoghtcn’,
598 4299 799 4383 querentem,
822 4300 857 4359 et
880 4294 1044 4381 Rogerum
1067 4295 1098 4361 le
1121 4295 1238 4376 Clerk’,
1254 4299 1444 4385 praebenda-

396 4405 483 4469 rium
507 4401 547 4466 de
569 4397 766 4484 Langcestr’,
783 4400 817 4461 et
832 4396 935 4461 socios
950 4418 1034 4474 suos,
1050 4404 1239 4465 executores
1254 4403 1441 4469 testament'

397 4502 546 4588 magistri
568 4498 724 4565 Willelmi
747 4497 787 4562 de
810 4495 931 4563 Sancto
953 4497 1128 4585 Botuipho,
1153 4499 1278 4566 dudum
1299 4525 1445 4590 personae

397 4603 537 4670 ccclesia
574 4600 749 4689 praedictae,
784 4598 1003 4677 defendentes,
1037 4600 1078 4666 de
1115 4601 1185 4680 hoc,
1217 4603 1306 4688 quod
1342 4605 1444 4672 iidem
