3502 6108
475 825 674 878 nusrsrnnu
696 829 901 881 sicininum
922 832 1163 884 uuuunuuusn
1257 821 1343 885 1183

296 1061 417 1113 succus
434 1062 527 1114 foratu
606 1023 657 1103 H,
682 1023 746 1088 Dei
771 1025 880 1110 gratia
902 1029 970 1104 etc,
992 1026 1252 1114 archiepiscopis,
1276 1029 1345 1115 epi·
1374 1039 1497 1088 burabe

293 1127 360 1244 iper
388 1128 467 1220 ΠΨ
501 1137 527 1182 ct
559 1131 672 1217 scopis,
717 1128 902 1209 abbatibus,
944 1131 1117 1217 prioribus,
1162 1117 1347 1215 comitibus,
1359 1103 1491 1210 cumi}

320 1203 443 1247 m·
560 1232 745 1312 baronibus,
756 1231 958 1317 justiciariis,
978 1234 1234 1315 vicecomitibus,
1249 1215 1507 1310 ium-hutini*

293 1340 399 1420 tar-iis,
421 1341 597 1418 viridariis,
622 1334 815 1426 praepositis,
845 1335 1013 1418 ministris,
1037 1341 1072 1402 et
1101 1338 1254 1404 omnibus
1277 1315 1508 1420 bal-iiiunuishffg*

293 1443 370 1508 liris
393 1448 428 1509 et
449 1443 602 1510 fidelibus
624 1437 701 1516 suis,
727 1437 875 1503 salutem.
922 1436 1040 1504 Sciatis
1062 1460 1122 1504 nos
1144 1441 1346 1520 concessisse,
1359 1415 1513 1512 {ttici-fib

294 1550 329 1609 et
342 1543 404 1610 hac
418 1545 572 1630 praesenti
587 1545 678 1610 carta
693 1543 806 1604 nostra
817 1537 1032 1619 confirmasse,
1049 1543 1216 1627 pronubis
1231 1548 1266 1608 et
1279 1513 1474 1614 husitidi

293 1645 426 1712 redibus
448 1646 576 1723 nostris,
595 1639 838 1710 venerabilibus
854 1641 1012 1727 patribus,
1035 1642 1087 1707 W.
1104 1642 1345 1731 archiepiscopo

293 1745 497 1827 Eboracensi,
512 1749 551 1813 R
561 1746 711 1833 episcopo
725 1741 947 1820 Duuelmensi,
958 1749 993 1808 et
1007 1742 1136 1810 dilectis
1150 1750 1185 1810 et
1193 1745 1346 1811 fidelibus

293 1848 425 1927 nostris,
442 1849 587 1914 Roberto
609 1845 724 1912 abbati
747 1843 860 1910 Beatae
882 1843 998 1910 Marise
1018 1844 1167 1928 Eboraci,
1189 1852 1225 1913 et
1247 1848 1346 1916 comi·

293 1950 393 2028 tibus,
408 1949 594 2026 baronibus,
609 1946 781 2026 militibus,
800 1944 912 2011 liberis
927 1945 1124 2027 hominibus,
1139 1952 1174 2014 et
1196 1949 1349 2016 omnibus

293 2051 376 2131 aliis,
399 2057 469 2119 tam
494 2050 619 2118 doricis
642 2069 741 2136 quam
768 2047 871 2127 laicis,
898 2053 1003 2115 terras
1033 2048 1231 2117 habentibus
1261 2053 1350 2118 inter

295 2153 401 2219 Usam
417 2160 452 2220 et
466 2153 673 2229 Derevvente,
694 2150 731 2215 in
753 2149 915 2216 comitatu
938 2149 1144 2230 Eboracensi,
1166 2153 1255 2238 quod
1277 2159 1350 2222 tota

294 2254 417 2321 foresta
430 2260 553 2333 nostra,
568 2254 657 2320 inter
672 2251 779 2318 Usam
793 2255 829 2316 et
842 2250 1046 2331 Derewente,
1062 2253 1107 2319 sit
1121 2254 1352 2322 deafforestata

294 2356 551 2444 inperpetuum,
567 2377 628 2442 pro
650 2353 746 2419 nobis
769 2357 804 2418 et
817 2351 1005 2418 haeredibus
1026 2355 1147 2420 noemia
1158 2379 1166 2435 ;
1190 2357 1240 2422 ita
1261 2357 1351 2443 quod

295 2479 406 2524 omnes
439 2462 536 2524 auus
558 2461 592 2522 et
614 2459 813 2532 tenementa,
834 2453 922 2520 inter
954 2453 1060 2522 Usam
1082 2462 1116 2522 et
1146 2458 1350 2542 Derewente,

295 2561 364 2626 sint
379 2559 493 2646 quieta
507 2558 548 2624 de
563 2561 659 2624 vasto
674 2562 709 2624 et
723 2556 868 2643 regardo,
883 2578 905 2622 a
915 2556 990 2622 visu
1005 2555 1258 2639 forestariorum,
1270 2560 1351 2626 viri·

295 2662 471 2738 duriorum,
494 2666 530 2726 et
559 2659 707 2727 omnium
737 2658 964 2724 ministrorum
995 2679 1139 2740 suorum,
1161 2667 1196 2727 et
1218 2661 1348 2748 placitis

293 2762 425 2828 forestes
455 2767 490 2827 et
511 2760 766 2837 forestariorum,
799 2765 869 2825 tam
900 2759 941 2825 de
971 2762 1156 2844 venatione,
1179 2785 1279 2848 quam
1309 2764 1350 2828 de

294 2863 403 2942 viridi,
426 2868 461 2930 et
483 2863 524 2928 de
547 2862 700 2928 omnibus
722 2883 797 2948 quse
819 2862 863 2927 ad
884 2861 1047 2942 forestam,
1070 2864 1124 2929 vel
1156 2864 1351 2943 forestarios,

295 2970 356 3032 aut
386 2965 569 3043 viridarios,
603 2965 793 3051 pertinent3
825 2968 867 3041 et,
899 2964 987 3050 quod
1018 2985 1132 3032 omues
1166 2971 1270 3032 terras
1301 2973 1349 3033 te-

294 3071 414 3134 nentes
440 3067 656 3134 intertisam
683 3071 717 3132 et
740 3064 936 3147 Derewent’,
959 3071 993 3133 et
1017 3089 1130 3134 eorum
1152 3089 1350 3136 successores

295 3176 331 3237 et
352 3169 509 3249 haeredes,
524 3169 653 3255 possint
671 3167 821 3234 claudam
844 3169 957 3233 boscos
979 3172 1114 3248 suaset
1135 3192 1248 3256 parcos
1271 3171 1350 3237 inde

295 3272 410 3353 facere,
433 3271 463 3336 si
485 3270 661 3348 voluerint,
683 3269 738 3335 vel
760 3273 929 3348 assmtare,
955 3277 1126 3355 quantum,
1149 3273 1290 3358 quando,
1315 3279 1350 3340 et

296 3375 362 3453 ubi,
394 3373 568 3453 voluerint,
598 3395 673 3440 cum
697 3373 766 3438 suis
788 3373 1007 3460 pertinentiis,
1034 3379 1069 3439 et
1094 3395 1153 3461 pro
1179 3376 1350 3442 voluntate

296 3497 355 3541 sua
378 3475 418 3540 de
447 3475 555 3540 boscis
578 3475 646 3539 suis
668 3475 781 3552 facere,
804 3474 890 3551 dare,
913 3474 1063 3553 vendere,
1086 3497 1200 3562 capere
1222 3482 1257 3543 et
1278 3478 1351 3565 capi

296 3576 411 3654 facere,
442 3574 711 3641 strenationem
741 3596 863 3662 capere,
886 3575 957 3640 sine
987 3577 1063 3641 visu
1090 3582 1124 3642 et
1153 3580 1244 3642 omni
1273 3600 1349 3644 con·

295 3677 492 3744 trcdictione
511 3676 765 3755 forestariorum,
780 3677 1020 3757 viridariorum,
1036 3683 1071 3743 et
1091 3680 1347 3767 regardatorum‚

296 3783 331 3846 et
353 3779 502 3844 omnium
525 3778 754 3844 ministrorum
778 3799 933 3860 suorum3
956 3784 991 3844 et
1017 3781 1172 3866 quiequid
1194 3782 1272 3848 inde
1298 3805 1349 3849 oe·

297 3881 421 3968 perint,
437 3881 490 3946 vel
504 3880 578 3968 capi
593 3879 738 3958 fecerint,
753 3879 915 3959 dederint,
929 3882 984 3947 vel
1000 3882 1219 3962 vendiderint,
1245 3890 1349 3951 attra-

296 3982 373 4048 here
388 3983 524 4069 possint,
540 3988 575 4048 et
596 3981 723 4049 attrahi
745 3981 860 4061 facere,
882 3981 984 4049 libere
1008 3989 1042 4048 at
1063 3984 1203 4070 pacifice,
1220 4007 1294 4051 cum
1309 3987 1351 4050 li·

296 4084 425 4151 berteto
447 4084 593 4162 chimini,
615 4083 738 4169 absque
765 4083 1024 4151 contradictione
1046 4089 1082 4151 et
1109 4087 1350 4167 reclamatione,

296 4190 330 4252 et
352 4185 589 4272 impedimento
613 4185 866 4265 forestariorum,
888 4207 1083 4273 quacunque
1106 4189 1273 4256 occasione
1285 4213 1293 4271 ;
1315 4196 1350 4257 et

295 4287 385 4373 quod
406 4307 518 4353 omnes
540 4287 638 4366 bosci,
660 4287 748 4354 inter
774 4287 878 4354 Usam
901 4293 936 4353 et
956 4289 1151 4370 Derewent',
1175 4312 1250 4356 cum
1280 4313 1349 4358 om·

295 4389 395 4460 nibus
409 4388 618 4476 pertinentiis
634 4390 710 4470 suis,
726 4396 761 4457 et
783 4394 908 4456 assarta
929 4390 1007 4457 inde
1028 4392 1176 4473 factast
1196 4394 1348 4462 facienda

294 4493 364 4560 sint
385 4492 499 4580 quieta
528 4493 569 4557 de
591 4497 686 4558 vssbc
716 4496 752 4557 et
772 4495 909 4579 regardo
932 4500 967 4559 et
995 4493 1071 4560 visu
1092 4495 1345 4578 forestariorum,

293 4595 535 4673 viridariorum,
557 4599 592 4660 et
605 4593 873 4682 regardatorum;
894 4600 929 4662 et
950 4597 1039 4682 quod
1054 4619 1166 4665 omnes
1187 4599 1346 4680 homines,

294 4697 382 4764 iuter
415 4697 521 4764 Usam
552 4702 587 4764 et
620 4697 815 4776 Derewent',
853 4704 887 4763 et
923 4703 1051 4766 assarta
1080 4700 1158 4768 inde
1191 4702 1280 4771 facta
1311 4709 1346 4770 et

294 4799 443 4868 facienda
465 4803 637 4870 manentes
658 4801 727 4869 sint
749 4785 854 4888 quieti
876 4799 917 4866 de
939 4801 1035 4869 sectis
1057 4809 1345 4892 svaynmotorum,
