3564 5744
393 762 480 827 1098
570 773 770 830 nnorcrann
792 742 995 824 rnirnrtnr
1016 773 1259 826 norrmrrsn

239 979 361 1026 anraa
392 968 581 1051 compotum
606 985 702 1030 auum
725 963 766 1030 de
788 967 937 1050 tempore
970 985 1035 1050 quo
1057 964 1194 1029 fuerunt
1215 963 1332 1032 ballivi
1354 985 1437 1052 prae-
1450 977 1616 1030 carpana

391 1067 472 1132 dicti
495 1066 634 1132 Antonii
666 1066 701 1130 in
728 1065 921 1144 Wennuth’,
953 1070 987 1132 et
1014 1069 1198 1152 receptores
1228 1067 1436 1134 denariorum

390 1187 533 1235 auorum.
588 1170 633 1233 Et
667 1167 849 1233 Robertum
891 1167 932 1232 de
969 1165 1122 1246 Ohilton'‚
1155 1168 1199 1234 ad
1234 1169 1436 1234 reddendum

391 1271 541 1358 praefatis
574 1269 722 1336 Johanni
754 1269 796 1335 de
826 1269 949 1335 Foxole
971 1273 1006 1335 et
1028 1269 1164 1335 'l'homae
1197 1270 1238 1334 de
1265 1271 1436 1358 Wylugby

389 1371 619 1437 rationabilem
657 1375 843 1458 compotum
879 1393 976 1436 auum
1014 1371 1056 1435 de
1087 1375 1234 1458 tempore
1274 1393 1339 1459 quc
1371 1373 1436 1438 fuit

388 1475 531 1540 ballivus
553 1473 703 1560 praedicti
725 1473 866 1538 Antonii
887 1473 924 1537 in
950 1471 1126 1551 Nenbotel‚
1149 1479 1184 1538 et
1205 1477 1354 1560 receptor
1379 1475 1435 1539 de-

388 1575 554 1641 nariorum
591 1595 732 1640 auorum.
788 1573 834 1638 Et
878 1573 1038 1640 Thomam
1075 1573 1106 1639 le
1145 1574 1355 1654 Ohaunceler,
1392 1577 1435 1641 all

389 1677 592 1742 reddendum
617 1675 766 1762 praefatis
789 1675 936 1741 Johanni
970 1675 1011 1740 de
1034 1674 1158 1741 Foxole
1180 1681 1215 1741 et
1237 1677 1372 1743 Thomae
1394 1679 1435 1742 dc

388 1778 548 1866 Wilugby
563 1777 793 1844 rationabilem
814 1781 1003 1863 compotum
1025 1799 1122 1842 suum
1146 1778 1187 1842 de
1210 1784 1355 1866 tempore
1370 1801 1435 1865 quo

387 1881 452 1946 fuit
466 1885 615 1967 receptor
630 1879 838 1944 denariorum
853 1878 1005 1966 praedicti
1015 1879 1165 1944 Antonii.
1210 1880 1255 1945 Et
1271 1879 1432 1967 Rogerum

388 1983 429 2047 de
459 1981 571 2064 Ertha,
594 1981 638 2046 ad
667 1981 871 2046 reddendum
901 1981 1047 2069 praefatis
1070 1980 1218 2048 Johanni
1247 1983 1288 2048 de
1312 1982 1435 2048 Foxole

389 2090 423 2149 et
445 2083 580 2148 Thomae
602 2083 643 2148 de
674 2082 844 2169 Wylugby
867 2081 1098 2148 rationabilem
1121 2089 1308 2168 compotum
1338 2107 1433 2150 auum

389 2187 430 2252 de
463 2191 610 2271 temporo
646 2205 712 2270 quo
745 2183 811 2250 fuit
851 2189 999 2272 receptor
1043 2184 1252 2251 denariorum
1284 2187 1433 2273 praedicti

387 2281 536 2353 Antonii.
593 2285 639 2351 Et
674 2285 863 2352 Johannern
899 2286 941 2351 de
972 2285 1123 2365 Pollowc,
1153 2287 1197 2352 ad
1233 2288 1431 2353 reddendum

274 2467 278 2476 ι
388 2387 534 2478 praelatis
561 2388 709 2454 Johanni
741 2388 783 2453 de
816 2387 939 2452 Foxole
969 2393 1003 2452 et
1034 2387 1169 2454 Thomae
1199 2389 1241 2454 de
1263 2388 1433 2477 Wylugby

388 2489 616 2558 rationabilem
639 2494 825 2576 compotum
846 2511 944 2554 auum
969 2489 1010 2554 de
1032 2493 1179 2576 tempore
1201 2511 1266 2576 quo
1289 2491 1355 2556 fuit
1384 2513 1434 2557 rc·

390 2599 501 2679 ceptor
539 2592 752 2657 denariorum
783 2590 934 2678 praedicti
974 2591 1121 2657 Antonii
1167 2592 1214 2656 Et
1243 2591 1434 2669 Hominum,

388 2696 583 2782 magistrum
620 2691 806 2780 Hospitalis
829 2693 941 2758 Beatae
971 2691 1086 2758 Mariae
1118 2693 1322 2780 Magdalenae
1345 2695 1435 2759 Novi

393 2795 501 2863 Casiri
524 2816 621 2881 cuper
644 2793 782 2885 Tynam,
805 2793 848 2858 ad
879 2793 1084 2860 reddendum
1105 2795 1253 2880 praefatis
1286 2794 1433 2861 Johanni

389 2895 430 2962 de
446 2896 569 2964 Foxole
602 2900 637 2960 et
656 2894 792 2961 Thomee
826 2895 867 2960 de
893 2894 1064 2982 Wylugby
1086 2896 1316 2962 rationabilem
1349 2919 1434 2964 com-

385 3005 501 3086 potum
524 3019 620 3062 auum
643 2996 685 3062 de
706 3002 852 3084 tempore
875 3017 940 3082 quo
962 2995 1028 3062 fuit
1059 3004 1206 3084 receptor
1228 2999 1434 3064 denariorum

389 3100 540 3189 praedicti
554 3098 703 3164 Antonii.
749 3099 795 3163 Et
808 3097 968 3164 Thomam
990 3099 1031 3165 de
1053 3099 1252 3186 Herington'
1274 3101 1434 3166 vicariurn

391 3204 433 3269 de
455 3201 666 3280 Herteburn'‚
688 3200 731 3265 ad
760 3199 968 3266 reddendum
999 3201 1146 3287 praefatia
1179 3201 1355 3290 [Johanni]
1393 3204 1434 3268 dc

387 3303 512 3371 Foxole
535 3307 569 3368 et
591 3302 725 3369 Thomee
747 3302 788 3368 de
810 3301 969 3390 Wylugbi
997 3302 1224 3368 rationabilem
1247 3310 1433 3391 compotum

388 3427 482 3471 anum
506 3405 548 3470 de
577 3410 724 3492 tempore
747 3427 812 3491 quo
843 3405 910 3469 fnit
940 3410 1087 3491 receptor
1118 3404 1328 3470 denariorum
1350 3427 1434 3493 prae-

388 3507 471 3573 dicti
505 3505 652 3572 Antonii.
699 3506 745 3570 Et
765 3505 953 3572 Gilbertum
988 3506 1028 3571 de
1061 3505 1267 3586 Skaresbek’,
1296 3507 1339 3572 ad
1360 3509 1433 3572 red·

392 3611 537 3676 dandum
567 3608 715 3695 praefatis
752 3607 899 3673 Johanni
930 3606 972 3672 de
1003 3606 1126 3673 Foxole
1160 3614 1195 3674 et
1227 3608 1360 3676 'l'homae
1392 3610 1433 3674 dc

389 3711 539 3799 Wilugbi
566 3710 795 3776 rationabilem
818 3714 1004 3796 compotum
1026 3731 1123 3775 suum
1146 3710 1187 3776 de
1208 3715 1354 3798 ternpore
1369 3733 1434 3797 quo

256 3849 257 3852 ¹
388 3815 456 3882 fuit
477 3811 623 3899 receptor
656 3811 865 3876 denariorum
889 3810 1040 3897 praedicti
1073 3811 1221 3878 Antonii.
1266 3813 1312 3877 Et
1333 3813 1433 3879 Alex-

392 3915 534 3983 andrum
548 3915 579 3980 le
594 3911 750 3991 Provost’,
764 3912 807 3977 ad
830 3911 1033 3978 reddendum
1055 3913 1203 3999 praefatis
1224 3914 1371 3980 Johanni
1394 3917 1433 3982 dc

390 4017 512 4084 Foxole
535 4021 569 4082 et
593 4015 727 4080 Thomae
749 4013 790 4079 de
812 4013 982 4101 Wylugby
997 4015 1226 4083 rationabilem
1248 4022 1433 4103 compotum

395 4141 492 4185 auum
514 4117 555 4184 de
583 4122 730 4205 tempore
760 4137 825 4201 quo
858 4114 924 4181 fuit
954 4115 1098 4182 ballivus
1120 4116 1270 4203 praedicti
1293 4119 1433 4184 Antonii

393 4223 430 4286 in
454 4221 583 4298 Cotum,
600 4223 634 4284 et
655 4221 802 4302 receptor
831 4217 1040 4282 denariorum
1063 4239 1202 4284 auorum
1250 4220 1295 4283 Et
1325 4220 1433 4306 Iluyn'
1527 4259 1534 4274 ·

315 4361 318 4368 ι
388 4321 573 4390 Wodekok’
604 4326 638 4386 et
660 4319 769 4384 Adam
792 4319 960 4398 Bateman,
983 4319 1026 4384 ad
1057 4320 1260 4386 reddendum
1285 4323 1433 4408 praefatis

387 4426 411 4492 J
413 4424 535 4490 ohanni
557 4423 598 4488 de
624 4421 745 4488 Foxole
768 4427 802 4487 et
816 4421 951 4488 Thomae
973 4421 1014 4486 de
1029 4419 1190 4508 Wylugbi
1204 4423 1433 4491 rationabilem

389 4530 575 4613 compotum
609 4545 705 4590 auum
740 4525 781 4588 de
812 4528 958 4610 tempore
992 4544 1057 4609 quo
1091 4523 1228 4590 fuerunt
1253 4535 1433 4613 receptores

388 4628 598 4696 denariorum
612 4626 762 4713 praedicti
784 4624 932 4692 Antonii.
978 4625 1023 4692 Et
1038 4624 1232 4713 Gregorium
1247 4629 1288 4694 dc
1305 4629 1433 4699 Wirke·
