3538 5712
422 821 507 886 1156
607 827 806 882 nnmsrnun
828 823 1028 878 rrmnuuu
1051 821 1290 874 uuumumsu

271 1043 392 1090 nnius
424 1024 559 1090 Thomae
580 1022 622 1088 de
656 1021 857 1106 Grcystnnes
877 1017 1028 1104 ¹quinque
1061 1014 1245 1101 messuagio,
1275 1018 1309 1079 et
1332 1013 1656 1099 quadra-mmm.

387 1110 391 1116 ¹
425 1126 522 1213 ginta
545 1124 692 1210 quinque
725 1143 817 1188 acres
841 1125 947 1196 terrae,
963 1123 998 1184 et
1020 1139 1120 1182 unum
1145 1138 1254 1186 acram
1269 1117 1367 1202 prati,
1397 1137 1473 1184 cum

426 1227 646 1315 pertinentiie,
661 1226 698 1288 in
722 1223 864 1289 Morton’
885 1223 985 1308 juxte
1010 1219 1190 1304 Kelnerby,
1223 1218 1401 1284 tenendum
1432 1219 1474 1283 de

356 1381 362 1396 .
427 1330 523 1394 nobis
549 1333 585 1394 et
612 1325 850 1393 successoribus
873 1322 995 1389 nostris
1017 1329 1075 1408 per
1098 1321 1272 1388 servitium
1301 1321 1474 1387 tricesimae

428 1432 533 1519 pertis
559 1429 647 1494 feodi
671 1429 770 1492 unius
795 1425 921 1505 militis,
937 1429 972 1489 et
993 1423 1159 1489 reddendo
1182 1423 1278 1488 nobis
1296 1426 1331 1488 et
1351 1443 1475 1489 succes·

428 1533 555 1598 soribus
591 1530 713 1596 nostris
742 1527 915 1593 annuatim
946 1531 1087 1612 quatuor
1116 1525 1216 1590 libras
1247 1531 1282 1591 et
1303 1525 1475 1592 duodecim

428 1634 562 1712 solidos,
577 1638 677 1720 prout
692 1631 728 1695 in
743 1635 834 1698 carn
848 1632 962 1694 nostre
976 1627 1164 1696 continetur
1177 1652 1185 1707 ;
1198 1647 1258 1694 nos
1274 1628 1476 1708 conoessisse,

427 1757 488 1824 pro
525 1735 620 1800 nobis
659 1739 694 1800 ct
734 1731 970 1798 successoribus
1011 1731 1140 1807 nostris,
1171 1731 1259 1816 quod
1299 1731 1476 1817 praedictus

429 1837 570 1902 Thomas
600 1841 635 1901 et
657 1835 802 1900 haercdes
825 1832 878 1897 sui
905 1838 1044 1898 teneant
1065 1832 1177 1898 omnia
1198 1833 1357 1918 prcedictn
1385 1839 1477 1898 tene-

403 1931 550 2018 mento,
566 1959 625 2024 pro
641 1938 714 2002 vite
739 1934 873 2001 Thcmae
897 1933 939 1999 de
962 1934 1112 2012 Mortem,
1135 1939 1171 2000 et
1193 1934 1341 2000 Isebellae
1364 1935 1477 2000 uxoris

430 2042 564 2108 Thomoe
586 2041 640 2106 del
664 2039 894 2114 Newehouses,
909 2058 968 2123 pro
983 2036 1203 2122 quadraginta
1217 2043 1342 2124 septem
1365 2037 1477 2102 solidis

430 2145 576 2230 quinque
599 2141 742 2208 denariis
760 2145 794 2206 et
818 2139 934 2221 obolo;
957 2140 1007 2231 ite,
1028 2139 1115 2224 quod
1137 2140 1206 2204 sint
1236 2139 1340 2224 quieti
1362 2139 1403 2204 de
1427 2163 1476 2204 re·

431 2245 525 2312 siduc
539 2244 769 2330 praedicturum
792 2250 933 2329 quatuor
954 2241 1115 2306 librarum
1140 2245 1174 2307 ct
1207 2241 1379 2308 duodecim
1402 2243 1477 2306 soli-
1577 2255 1582 2264 ·

431 2349 548 2412 dorum
563 2367 624 2434 pro
639 2343 711 2410 vito
725 2344 887 2412 dictorum
902 2344 1036 2409 Thomae
1046 2344 1088 2408 de
1103 2342 1244 2408 Morton’
1260 2348 1295 2408 et
1309 2343 1477 2424 Isebellte3

432 2448 598 2514 reddendo
621 2453 734 2513 tumen
748 2447 843 2512 nobis
869 2452 905 2512 et
927 2445 1164 2512 successoribus
1179 2445 1310 2527 nostris,
1333 2451 1408 2532 post
1422 2447 1476 2511 de·

431 2573 556 2618 cessum
586 2549 667 2616 dicti
692 2549 837 2628 Thcmae,
851 2570 911 2634 pro
934 2547 1056 2633 viginti
1079 2568 1137 2613 sex
1168 2548 1252 2613 noris
1278 2553 1375 2614 tende
1397 2570 1478 2633 quas

431 2655 500 2739 ipse
515 2658 616 2733 tenet,
633 2651 874 2737 quinquaginta
885 2654 920 2716 et
931 2649 1012 2714 duos
1021 2648 1150 2728 solidos,
1165 2655 1208 2726 et,
1223 2657 1298 2737 post
1312 2652 1477 2716 decessum

433 2755 531 2820 dictae
547 2753 705 2831 isabeuae,
721 2752 941 2839 quadraginta
962 2751 1081 2818 solidos
1096 2773 1157 2838 pro
1178 2751 1245 2816 illis
1259 2753 1381 2839 viginti
1395 2753 1477 2818 coris

433 2861 530 2921 terrae
562 2877 644 2940 quas
665 2855 755 2921 dicta
780 2854 921 2921 Iscbclic
943 2859 1041 2920 tenet
1089 2854 1130 2918 In
1153 2855 1247 2939 cujus
1261 2856 1309 2920 rei
1332 2855 1478 2920 testimo-

433 2957 536 3034 nium,
552 2957 771 3042 praesentibus
785 2957 931 3042 sigillum
958 2962 1105 3022 nostrum
1129 2962 1179 3022 est
1193 2979 1377 3042 appensum.
1411 2956 1480 3020 Dc-

433 3065 506 3123 tum
530 3058 696 3138 Dunelmi‚
719 3056 766 3144 ij⁰.
799 3059 854 3124 die
888 3059 1010 3136 Martii,
1032 3080 1119 3124 enno
1141 3061 1352 3146 pontificatus
1373 3061 1478 3128 nostri

432 3181 545 3248 primo.
1195 3191 1200 3201 ·

264 3379 421 3476 monsterio
432 3403 553 3455 Dimnsio
563 3402 669 3453 manerii
699 3347 701 3353 Α
749 3362 916 3444 Ricerdus,
955 3362 1165 3448 permissione
1200 3363 1324 3441 divine,
1354 3364 1480 3430 Dunol·

263 3482 388 3576 {effi}
433 3471 624 3590 ‘dimidium’
637 3471 669 3520 ad
703 3465 1025 3552 mensisepiscopus,
1047 3465 1199 3531 omnibus
1221 3467 1264 3532 nd
1294 3489 1375 3551 quos
1396 3467 1479 3553 prm?-

265 3581 408 3678 iim*
702 3572 810 3632 sentes
832 3566 936 3632 literae
957 3568 1177 3654 pervenerint,
1201 3568 1347 3634 sciutem.
1393 3569 1481 3636 Scie-

265 3642 337 3734 rim
433 3671 477 3737 tis
509 3692 568 3736 nos
599 3669 803 3748 concessisse,
825 3674 860 3733 et
893 3668 936 3734 cd
970 3669 1099 3736 firmem
1132 3671 1302 3750 dimisisse,
1334 3671 1479 3738 Walterc

433 3773 474 3838 de
511 3773 673 3838 Gosewik’
705 3771 845 3856 capitale
882 3772 1102 3857 messucgium
1131 3777 1290 3853 nostrum,
1314 3778 1349 3839 et
1378 3773 1480 3840 domi-

433 3874 541 3939 nicam
575 3879 696 3964 terrum
727 3877 874 3938 nostram
908 3874 1075 3952 arabilem,
1098 3874 1139 3940 de
1175 3875 1375 3953 Fennewik’‚
1405 3899 1479 3942 cum

433 3975 596 4042 dominico
627 3980 723 4062 preto
753 3980 865 4041 nostro
897 3980 932 4041 et
961 3982 1103 4062 pcsturc,
1126 3977 1223 4042 dictis
1245 3979 1425 4066 messuagio
1446 3987 1481 4044 et

432 4084 529 4144 tcrrae
550 4077 802 4164 pertinentibus,
825 4077 988 4156 videlicet,
1003 4079 1223 4166 messuagium
1245 4080 1337 4160 iliud,
1359 4087 1480 4147 tenum

433 4184 467 4244 et
497 4185 638 4265 protum,
673 4199 747 4264 quae
785 4178 901 4244 Simon
938 4181 980 4244 de
1011 4179 1181 4267 Kerkeby,
1216 4205 1257 4248 ex
1292 4183 1481 4249 dimissione
1583 4247 1587 4252 .

309 4325 312 4332 ·
433 4281 581 4358 Antonii,
604 4302 710 4366 nuper
743 4281 988 4366 praedecessoris
1019 4285 1133 4366 nostri,
1156 4285 1266 4350 tenuit
1300 4287 1335 4350 in
1367 4287 1479 4352 eodem

433 4383 514 4447 ville
526 4408 535 4464 ;
567 4383 618 4448 ite
660 4383 748 4468 quod
781 4383 821 4448 de
852 4383 927 4450 aliis
970 4405 1052 4469 quas
1083 4385 1169 4452 idem
1208 4387 1324 4452 Simon
1361 4388 1479 4465 tenuit,

431 4485 620 4551 nullatenus
665 4507 699 4550 se
736 4486 957 4566 intromittet3
995 4485 1183 4553 habendum
1220 4495 1255 4554 et
1300 4491 1480 4556 tenendum

433 4587 591 4670 predicta
620 4587 839 4673 messuagium
862 4593 897 4652 et
912 4593 1043 4669 terrem,
1067 4611 1141 4654 cum
1164 4596 1259 4676 prato
1281 4598 1316 4656 et
1345 4598 1481 4678 pestere

436 4687 608 4772 predone
631 4688 790 4774 praedicto
813 4688 959 4756 Walterc
982 4695 1016 4755 et
1045 4691 1231 4758 heredibus
1253 4693 1329 4771 suis
1354 4716 1374 4758 u
1395 4695 1480 4760 festo
