3362 5720
384 807 468 879 1276
565 823 765 877 sacremus
788 819 991 872 samusart
1013 819 1255 871 narranaam

228 1024 350 1078 annu.
379 1022 602 1104 procurentur,
624 1036 763 1101 quorum
787 1011 926 1100 quilibet
955 1033 1022 1078 uno
1052 1032 1137 1099 pane
1158 1009 1312 1098 ponderis
1340 1029 1441 1074 sexa-
1454 1009 1613 1064 Mam

378 1119 473 1206 ginta
502 1119 688 1196 solidorum,
718 1115 860 1204 potegio,
890 1120 979 1202 potu,
1003 1121 1038 1182 et
1067 1113 1174 1180 tribus
1203 1110 1361 1178 allecibus
1390 1109 1441 1177 sit

377 1227 552 1288 contentus
565 1246 574 1302 ;
589 1225 624 1286 et
637 1240 659 1285 a
674 1218 821 1305 quolibet
837 1219 1002 1285 sacerdote
1025 1215 1112 1281 infra
1133 1219 1207 1281 octe
1221 1214 1292 1279 dies
1307 1213 1439 1278 dictum

377 1321 639 1390 anniversarium
662 1325 813 1386 nostrum
835 1320 1025 1385 immediate
1048 1321 1230 1404 sequentes,
1244 1337 1311 1381 una
1332 1316 1438 1380 missa

377 1446 436 1512 pro
459 1425 571 1492 anima
601 1426 714 1488 nostra
744 1423 927 1510 specialiter
956 1420 1144 1488 celebretur.
1206 1418 1251 1484 Et
1273 1418 1350 1503 quia
1379 1440 1436 1484 ra-
1550 1460 1554 1468 ·

376 1526 461 1592 tioni
491 1525 643 1612 congruit
665 1524 752 1612 quod
775 1525 833 1611 qui
862 1527 1020 1611 gravatur
1041 1523 1079 1586 in
1101 1542 1176 1598 uno,
1198 1521 1235 1586 in
1256 1521 1321 1587 alio
1349 1521 1435 1586 rele-

377 1633 482 1704 vetur,
497 1627 739 1694 considerantes
760 1627 847 1713 quod
869 1623 1019 1712 magistri
1041 1623 1224 1711 Hospitalis
1238 1624 1279 1688 de
1294 1621 1435 1709 Kypier,

377 1728 556 1795 existentes
578 1750 637 1815 pro
651 1735 807 1816 tempore,
829 1751 888 1816 per
902 1729 1000 1794 istam
1021 1730 1169 1791 nostram
1192 1724 1433 1790 ordinationem

377 1830 413 1896 in
442 1828 556 1895 multis
584 1830 816 1908 onerabuntur,
839 1829 930 1896 ultra
962 1850 1062 1914 quam
1091 1827 1211 1913 aliquis
1241 1827 1434 1914 praebenda-

377 1933 445 1997 rius
461 1931 603 1998 ecclesiaa
618 1932 793 2018 praedictae,
808 1932 970 2009 uolumus,
985 1930 1173 1996 ordinamus
1195 1934 1231 1994 et
1245 1929 1432 2008 statuimus,

377 2037 465 2122 quod
491 2035 573 2102 dicti
603 2035 762 2121 magistri,
785 2034 843 2120 qui
866 2055 925 2120 pro
947 2039 1093 2120 tempora
1122 2030 1256 2110 fuerint,
1278 2031 1321 2096 ad
1341 2052 1432 2097 eom-

377 2137 558 2225 parendum
588 2136 624 2202 in
654 2136 788 2222 synodo,
810 2135 972 2223 capitulis,
995 2133 1251 2212 visitationibus,
1273 2139 1331 2200 aut
1351 2153 1431 2198 eon-

377 2239 604 2306 vocationibus
626 2238 885 2324 quibuscunque,
909 2259 984 2302 curn
1007 2237 1092 2302 clero
1121 2240 1242 2301 nostrae
1272 2234 1429 2315 dioecesis,

377 2343 505 2408 ratione
528 2340 626 2407 dicte
648 2339 843 2428 praebendae,
866 2338 921 2403 vel
943 2339 986 2404 ad
1008 2337 1120 2424 aliqua
1134 2359 1233 2403 onera
1254 2335 1430 2412 ordinaria,

376 2448 598 2531 praeterquam
627 2443 670 2508 ad
701 2440 936 2507 inveniendum
981 2460 1086 2504 unum
1127 2439 1371 2515 subdiaconum,
1392 2443 1430 2505 et

376 2545 443 2612 alia
464 2565 540 2630 quse
559 2565 659 2631 supra
674 2543 837 2620 dicuntur,
863 2540 999 2606 minime
1018 2545 1214 2621 teneantur;
1237 2540 1429 2625 adjicientes

377 2653 411 2716 et
434 2646 590 2727 volentes,
606 2646 694 2731 quod
724 2645 804 2712 dicti
838 2643 989 2730 magistri
1022 2644 1058 2707 in
1088 2643 1159 2730 ipso
1189 2642 1355 2730 Hospitali
1384 2645 1428 2708 de

377 2749 506 2837 Kypier
528 2747 683 2816 continue
713 2747 877 2812 resideant
892 2745 1114 2832 personaliter,
1137 2751 1171 2810 et
1192 2748 1368 2824 morentur,
1391 2752 1428 2811 et

377 2851 445 2915 sint
479 2851 515 2914 in
552 2848 745 2916 sacerdotali
776 2847 890 2914 ordine
923 2846 1105 2914 constituti.
1160 2845 1205 2911 Et
1241 2847 1270 2910 si
1301 2845 1426 2931 aliquid

376 2952 515 3016 istorum
534 2949 682 3015 omnium
704 2949 809 3015 facere
832 2949 1109 3036 praetermiserint,
1129 2947 1224 3014 nobis
1246 2953 1282 3015 et
1304 2969 1425 3015 sucees-

376 3052 502 3118 soribus
535 3050 656 3116 nostris
683 3050 785 3116 libere
811 3051 917 3132 liceat,
940 3049 1181 3128 nonobstante
1211 3071 1324 3114 eorum
1352 3071 1424 3116 con-

376 3151 583 3232 tradictione,
607 3149 648 3217 de
686 3150 808 3218 eisdem
845 3150 1004 3238 hospitali
1041 3155 1076 3217 et
1113 3150 1298 3238 praebenda,
1328 3157 1425 3238 prout

377 3253 471 3320 nobis
486 3251 655 3341 placuerit,
671 3251 830 3335 ordinare,
847 3254 935 3340 quod
950 3259 986 3319 et
999 3275 1108 3339 quam,
1130 3251 1196 3318 nisi
1215 3253 1317 3338 juxta
1339 3253 1423 3318 latus

376 3362 525 3423 nostrum
554 3359 615 3420 aut
644 3376 863 3422 successorum
893 3359 1080 3422 nostrorum
1109 3355 1318 3422 familiariter
1339 3377 1423 3421 eom-

377 3463 553 3536 morentur,
587 3459 709 3522 extunc
731 3477 866 3544 ,vacare
898 3461 933 3523 et
961 3458 1005 3522 ad
1038 3461 1185 3523 nostram
1219 3457 1421 3523 collationem

372 3561 482 3627 redire
514 3565 548 3626 et
582 3559 754 3646 pertinere,
784 3558 988 3626 decernimus
1020 3559 1057 3624 in
1087 3558 1153 3624 hiis
1183 3560 1323 3646 scriptis.
1381 3559 1423 3624 ln

377 3663 470 3748 cujus
500 3661 548 3726 rei
570 3660 804 3740 testimonium,
828 3681 970 3747 praesens
999 3661 1158 3748 scripturn
1190 3661 1291 3747 sigilli
1321 3663 1422 3727 nostri

377 3762 559 3828 munimine
574 3760 710 3828 fecimus
725 3763 926 3828 communiri
966 3762 1092 3828 Datum
1107 3762 1197 3849 apud
1211 3762 1420 3843 Dunolmum,
1506 3819 1507 3824 ,

376 3867 483 3952 primo
514 3864 569 3929 die
591 3863 713 3928 mensis
743 3863 849 3940 Junii,
871 3885 958 3928 anno
989 3864 1123 3929 Domini
1157 3864 1330 3930 millesimo
1359 3871 1422 3930 tre·

375 3965 554 4032 centesimo
568 3964 818 4050 quintodecimo,
834 3970 868 4030 et
882 3965 1133 4032 consecrationis
1155 3971 1277 4031 nostrae
1299 3965 1420 4051 quinto.

376 4067 453 4132 Hiis
478 4066 628 4146 testibus,
652 4066 783 4132 domino
805 4066 953 4132 Galfrido
983 4067 1089 4154 priore
1119 4067 1344 4146 Dunolmensi,
1366 4069 1422 4133 do·

375 4171 466 4235 mino
510 4167 637 4233 Thema
678 4167 720 4233 de
758 4168 1004 4255 Goldesburgh',
1042 4168 1269 4236 archidiacono
1312 4175 1422 4235 nostro

375 4269 600 4351 Dunolmensi,
622 4269 781 4355 magistro
802 4268 967 4335 Willelmo
994 4270 1035 4336 de
1059 4269 1229 4350 Quicham,
1251 4277 1333 4337 tunc
1354 4270 1422 4336 offi-

374 4373 451 4438 ciali
472 4376 585 4437 nostro
615 4371 840 4448 Dunolmensi,
863 4371 1013 4449 dominis,
1044 4371 1219 4459 Radulpho
1248 4371 1317 4437 filio
1340 4372 1423 4437 Wil-

373 4473 472 4551 lelmi,
516 4471 656 4538 Ricardo
700 4473 913 4551 Manneduk’,
945 4476 1026 4539 tunc
1071 4472 1270 4538 seneschallo
1305 4479 1421 4539 nostm

261 4599 263 4604 ¹
375 4574 601 4651 Dunolmensi,
617 4572 764 4640 Waltero
786 4575 827 4640 de
851 4573 1082 4663 Wessington',
1099 4573 1227 4639 Thema
1249 4575 1290 4639 de
1305 4574 1422 4661 Wyte-

374 4675 500 4750 worth',
529 4675 682 4741 Johanne
719 4675 759 4740 de
793 4674 958 4762 Ooigners,
992 4675 1162 4754 militibus,
1188 4674 1349 4741 Willelmo
1380 4676 1421 4741 de
