3538 5712
411 789 497 852 1104
589 803 788 854 anoreramr
811 803 1013 852 ramrrnon
1036 801 1279 852 normanica

260 993 316 1038 ss>-
326 998 384 1040 1815·
409 1009 503 1052 orum
537 1009 688 1080 auorum.
745 987 791 1051 Et
828 987 992 1073 Rogerum
1038 985 1125 1062 Stra,
1169 984 1213 1049 ad
1256 983 1459 1049 reddendum
1471 999 1639 1050 mantne

409 1089 556 1176 prefatis
589 1090 613 1155 J
615 1090 737 1154 charmi
770 1094 804 1153 et
838 1089 973 1153 Thomae
1010 1085 1241 1151 rationabilem
1271 1091 1459 1171 compotum

410 1212 505 1256 auum
528 1191 568 1255 de
591 1197 738 1276 tempore
753 1210 818 1276 quo
833 1189 900 1253 fuit
914 1193 1063 1274 receptor
1077 1186 1286 1252 denariorum
1309 1187 1458 1272 predicti
1507 1243 1518 1258 ,

409 1293 557 1358 Antonii.
617 1292 663 1356 Et
694 1291 871 1379 Hugonem
901 1290 942 1355 de
972 1289 1149 1366 Saundon’‚
1172 1289 1215 1353 ed
1253 1288 1459 1354 reddendum

409 1392 556 1480 praefatis
589 1392 737 1458 Johanni
775 1398 810 1457 et
842 1391 976 1456 Thomae
1007 1389 1239 1455 rationabilem
1268 1393 1458 1476 compotum

410 1515 505 1558 auum
522 1494 563 1558 de
579 1499 723 1580 tempore
739 1515 804 1579 quo
827 1491 892 1558 suit
915 1497 1062 1579 receptor
1083 1491 1292 1556 denariorum
1304 1491 1457 1577 praedicti

410 1595 558 1661 Antonii.
604 1595 650 1659 Et
682 1595 863 1660 Robertum
888 1594 928 1658 de
951 1592 1155 1678 Sockepeth’,
1180 1593 1225 1659 ad
1254 1593 1456 1658 reddendum

410 1697 558 1782 praefatie
590 1696 737 1761 Johanni
768 1702 803 1761 et
835 1696 969 1761 Thomae
1006 1694 1236 1760 rationabilem
1268 1701 1457 1780 compotum

410 1819 506 1862 auum
521 1797 562 1862 de
577 1803 723 1884 tempore
738 1818 803 1882 quo
826 1797 892 1861 fuit
913 1801 1062 1881 receptor
1075 1796 1284 1860 denariorum
1307 1797 1457 1882 praedicti

410 1898 559 1965 Antonii.
605 1899 651 1962 Et
666 1897 847 1964 Robertum
869 1896 1059 1984 Tripkneve
1080 1902 1116 1962 'et
1131 1896 1329 1962 Nicbolaum
1351 1897 1457 1961 filium

410 1999 556 2077 Gamell',
579 2000 622 2064 ad
654 1997 860 2064 reddendum
899 1998 1048 2085 praefatis
1070 1997 1216 2063 Johanni
1253 2004 1288 2064 et
1322 1998 1456 2063 Thomae

410 2100 637 2166 rationabilem
669 2106 858 2186 compotum
881 2121 978 2164 auum
999 2100 1041 2165 de
1064 2103 1211 2185 tempore
1233 2122 1299 2186 quo
1321 2100 1458 2166 luerunt
1517 2117 1520 2120 ·

410 2207 592 2288 receptores
614 2201 823 2267 denariorum
847 2201 997 2287 praedicti
1012 2200 1160 2266 Antonii.
1207 2201 1253 2266 Et
1267 2201 1456 2267 lohannem

409 2304 441 2392 le
463 2302 612 2382 Provost,
632 2303 675 2370 ad
697 2303 900 2368 reddendum
924 2302 1070 2388 praefatie
1092 2302 1240 2368 Johanni
1265 2309 1300 2368 et
1322 2303 1455 2369 Thomae
1574 2301 1581 2308 ’

410 2406 641 2471 rationabilem
675 2410 864 2491 compotum
897 2426 994 2469 auum
1032 2404 1073 2468 de
1110 2409 1256 2490 tempore
1293 2426 1357 2489 quo
1391 2405 1456 2472 fnit

410 2507 552 2572 ballivus
584 2507 734 2594 praedicti
768 2506 911 2572 Antonii
956 2505 993 2570 in
1032 2505 1202 2592 Alnwyk'‚
1239 2513 1274 2570 et
1311 2513 1457 2592 receptor

410 2609 619 2675 denariorum
635 2630 775 2674 auorum.
801 2608 846 2672 Et
858 2608 882 2672 J
884 2607 1045 2672 ohannem
1055 2607 1178 2686 white,
1194 2607 1237 2671 ad
1252 2607 1454 2672 reddendum

410 2711 558 2796 praefatis
588 2711 734 2776 iohanni
772 2709 813 2774 de
851 2709 955 2773 Foxle
985 2719 1019 2772 et
1053 2707 1188 2774 Thomae
1225 2707 1454 2774 rationabilem

410 2818 598 2898 compotum
622 2835 717 2878 auum
739 2812 780 2876 de
804 2817 950 2898 ternpore
972 2831 1037 2894 quo
1059 2810 1126 2874 fuit
1147 2810 1291 2896 ballirue
1305 2811 1454 2897 praedicti

410 2915 553 2978 Antonii
575 2914 611 2979 in
627 2913 847 2997 Bedlington',
863 2917 898 2976 et
912 2917 1059 2996 receptor
1082 2912 1290 2978 denariorum
1312 2934 1453 2978 auorum.

410 3014 456 3078 Et
469 3015 493 3079 J
495 3015 657 3080 ohannein
676 3013 854 3090 Stodhird’,
869 3013 911 3078 ad
927 3012 1130 3078 reddendum
1145 3013 1293 3099 praefatis
1305 3013 1453 3078 lohanni

409 3115 450 3180 de
473 3116 576 3183 Foxle
598 3121 633 3180 et
655 3115 789 3180 Thomae
819 3114 1048 3180 rationabilem
1079 3120 1266 3200 compotum
1295 3137 1391 3181 suum
1414 3118 1454 3182 de

408 3223 556 3303 tempore
571 3238 636 3303 qno
659 3217 725 3282 fuit
748 3216 893 3303 ballivua
916 3215 1065 3302 praedicti
1079 3203 1221 3282 Antonii
1232 3218 1268 3282 in
1279 3217 1454 3296 Alnewik',

289 3363 295 3375 .
407 3323 442 3382 et
479 3325 626 3404 receptor
674 3318 884 3384 denariorum
929 3339 1070 3382 auorum.
1125 3318 1170 3382 Et
1202 3317 1391 3384 Johannem
1424 3320 1453 3385 le

408 3419 550 3486 Provoat
574 3421 615 3485 de
638 3417 827 3496 Evenwod’,
841 3420 885 3484 ad
911 3418 1115 3485 reddendum
1138 3419 1284 3503 praefatis
1306 3421 1453 3487 Johanni

406 3522 448 3587 de
470 3521 574 3587 Foxle
597 3527 630 3586 et
653 3521 786 3586 Thomae
816 3519 1045 3586 rationabilem
1074 3527 1261 3606 compotum
1292 3526 1390 3587 suuni
1413 3523 1452 3588 de

405 3627 552 3709 tempore
567 3645 632 3708 quo
648 3622 712 3687 fuit
727 3621 870 3687 ballivus
892 3620 1043 3707 praedicti
1060 3620 1201 3687 Antonii
1216 3623 1252 3687 in
1267 3623 1452 3701 Evenwod’,

405 3729 441 3790 et
477 3731 623 3811 receptor
659 3723 867 3788 denariorum
912 3744 1053 3790 auorum.
1099 3724 1144 3788 Et
1180 3723 1367 3791 Johannem
1412 3727 1452 3792 de

405 3825 579 3904 Berewico‚
596 3826 638 3890 ad
662 3825 865 3890 reddendum
888 3825 1036 3910 praefatis
1058 3824 1204 3890 Johanni
1226 3826 1267 3891 de
1292 3826 1395 3893 Foxle
1417 3834 1452 3893 et

405 3927 539 3994 Thomae
562 3925 791 3992 rationabilem
819 3931 1006 4011 compotum
1030 3949 1126 3992 auum
1150 3927 1190 3992 de
1217 3932 1451 4016 temporeque

404 4029 471 4093 fuit
492 4033 641 4116 receptor
662 4028 871 4094 denariorum
894 4027 1045 4114 proedicti
1067 4027 1218 4094 Antonii.
1271 4031 1315 4095 Et
1338 4031 1451 4097 Ricar-

405 4132 484 4196 dum
507 4132 548 4196 de
579 4130 755 4208 Stanlawe,
779 4130 822 4194 ad
844 4128 1050 4194 reddendum
1076 4130 1224 4217 praelatis
1237 4132 1385 4198 lohanni
1416 4139 1451 4199 et

406 4232 540 4298 Th0mae
565 4231 795 4296 rationabilem
822 4235 1009 4318 compotum
1034 4254 1129 4298 enum
1152 4233 1193 4299 de
1216 4240 1363 4320 tempore
1385 4257 1450 4321 quo

405 4334 471 4399 fuit
487 4338 635 4420 receptor
650 4332 856 4398 denariorum
873 4333 1024 4418 praedicti
1033 4334 1181 4402 Antonii.
1214 4336 1259 4400 Et
1268 4335 1448 4402 Robertum

404 4436 434 4501 le
457 4437 613 4516 Provoat’,
636 4435 679 4500 ad
701 4434 903 4500 reddendum
935 4435 1082 4521 praefatie
1108 4435 1256 4502 Johanni
1283 4437 1323 4502 de
1347 4438 1449 4504 Foxle

403 4545 438 4603 et
470 4538 603 4602 Thomae
637 4535 865 4602 rationabilem
897 4543 1084 4623 compotum
1115 4560 1213 4604 suum
1236 4539 1276 4604 de
1303 4545 1449 4626 tempore

403 4661 469 4725 quo
497 4639 562 4704 fuit
593 4637 736 4728 ballivus
769 4637 919 4725 praedicti
951 4639 1091 4704 Antonii
1113 4640 1149 4704 in
1180 4639 1384 4726 Rykcnhale‚
1416 4646 1450 4707 et
