3566 5712
530 835 729 889 unorsrsuu
752 833 955 886 emarcum
977 835 1218 888 nmmunrsn
1334 824 1398 889 989

183 1031 523 1104 ranasexecutrix
558 1029 755 1107 testamenti,
785 1028 945 1117 Stephani
977 1027 1017 1092 de
1032 1025 1214 1115 tPencestrss
1245 1027 1401 1106 defuncti,
1431 1041 1552 1088 anum

350 1133 393 1199 ad
424 1133 517 1218 cujus
550 1153 667 1198 manus
696 1133 782 1197 bona
812 1136 846 1197 et
876 1130 1003 1212 catalla,
1032 1152 1105 1218 quae
1135 1131 1270 1198 fuerunt
1299 1131 1401 1217 ipsius

351 1235 523 1322 Stephani,
546 1240 622 1322 post
651 1239 789 1300 mortem
813 1255 914 1313 suam,
938 1234 1152 1315 devenerunt,
1174 1235 1219 1300 sit
1247 1233 1284 1299 in
1314 1255 1400 1301 com·
1485 1319 1488 1326 Ι

350 1337 498 1425 putando
520 1338 562 1403 ad
586 1338 791 1404 Scaccarium
812 1342 961 1402 nostrum
984 1358 1044 1424 pro
1062 1337 1200 1424 praefato
1224 1336 1401 1424 Stephano,

350 1441 392 1506 de
420 1445 567 1526 tempore
591 1463 656 1526 quo
678 1438 743 1504 fuit
765 1439 1027 1506 constabularius
1059 1441 1157 1506 castri
1180 1439 1344 1527 Doveryae
1368 1447 1402 1506 et

350 1551 459 1613 custos
472 1547 625 1633 Quinque
636 1547 809 1628 Portunum
824 1567 861 1612 ac
870 1568 937 1624 nos,
950 1547 1147 1633 quibusdam
1158 1547 1402 1632 impedimentis

349 1653 535 1738 compotum
565 1650 659 1714 illum
691 1649 908 1715 diversimode
932 1650 1155 1736 tangentibus,
1182 1649 1402 1715 redditionem

349 1753 491 1840 compoti
518 1753 668 1840 praedicti
699 1774 802 1839 usque
834 1753 877 1817 ad
910 1774 1054 1818 mensem
1087 1753 1221 1818 Paschae
1252 1754 1403 1838 proximo

309 1875 311 1879 ·
347 1857 495 1922 futurum
518 1857 710 1922 duxerimus
734 1856 947 1936 continuare;
970 1856 1141 1940 eidemque
1171 1853 1319 1922 Johanni
1351 1857 1403 1921 in-

344 1960 441 2046 jungi
474 1959 651 2036 fecerimus,
688 1964 728 2024 ut
756 1959 799 2023 ad
830 1958 1064 2044 perficiendum
1098 1965 1284 2045 compotum
1320 1981 1403 2047 prae·

349 2061 473 2127 dictum
503 2062 637 2127 interim
669 2061 824 2126 intendat
854 2060 1039 2146 diligenter,
1063 2066 1102 2126 ut
1126 2061 1177 2146 ¹ad
1208 2060 1296 2126 diem
1320 2083 1403 2148 prae-

348 2157 475 2230 dictum
499 2163 645 2230 finaliter
663 2169 852 2249 computare
864 2163 975 2228 valeat
990 2163 1027 2227 in
1041 2163 1219 2250 praemissis
1233 2191 1239 2230 ι
1262 2185 1401 2250 cumque

349 2287 392 2331 ex
426 2265 611 2332 ostensione
654 2265 757 2351 ipsius
795 2265 960 2330 Johannis
992 2266 1184 2352 accepimus,
1218 2267 1307 2351 quod
1341 2288 1400 2332 vos

347 2369 457 2454 ipsum
479 2369 666 2434 Johannem
687 2368 730 2432 ad
753 2367 954 2454 personalem
978 2367 1192 2434 residentiam
1209 2369 1246 2434 in
1269 2369 1402 2437 ecclesia

347 2493 408 2537 sua
439 2471 597 2560 praedicta
630 2470 822 2550 faciendam,
845 2492 903 2557 per
926 2471 1217 2556 sequestrationem
1241 2472 1400 2537 bonorum

350 2595 484 2640 suorum
518 2574 648 2652 ibidem,
672 2573 896 2660 compuleritis
919 2576 954 2638 et
975 2573 1083 2638 indies
1106 2573 1309 2660 compellitis,
1332 2595 1400 2652 nos,

345 2677 588 2744 considerantes
611 2677 786 2762 praefatum
818 2675 1006 2742 Johannem
1029 2677 1065 2740 in
1088 2676 1222 2742 ecclesia
1243 2678 1401 2762 praedicta

345 2780 480 2844 interim
503 2778 651 2856 residere,
675 2783 709 2842 et
732 2783 918 2865 compotum
949 2777 1154 2865 praedictum,
1178 2785 1277 2865 prout
1301 2801 1398 2866 expe-

344 2881 440 2961 diret,
463 2887 597 2970 propter
630 2883 774 2949 locorum
808 2879 1002 2947 distantiam
1033 2885 1067 2946 et
1098 2880 1178 2946 alias
1209 2903 1322 2949 causas
1350 2882 1400 2947 di-

345 3005 464 3064 versas,
487 2985 641 3072 perficere
664 2983 830 3050 commode
852 3006 921 3050 non
943 3005 1036 3072 posse
1048 3009 1055 3065 ;
1078 2983 1172 3049 vobis
1195 2985 1399 3063 mandamus,

345 3089 433 3174 quod
463 3088 646 3154 absentiam
678 3109 772 3152 suam
795 3109 832 3152 co
864 3088 934 3173 ipso
956 3087 1091 3153 interim
1122 3092 1311 3154 excusatam
1341 3089 1400 3154 ha·

345 3190 469 3268 bentes,
494 3193 706 3275 sequestrum,
737 3189 876 3274 siquod
908 3188 944 3253 in
971 3189 1107 3255 ecclesia
1138 3211 1198 3256 sua
1232 3192 1398 3277 praedicta,

344 3313 400 3358 seu
429 3293 525 3358 bonis
558 3293 626 3356 suis
657 3292 789 3368 ibidem,
811 3293 939 3356 ratione
969 3293 1237 3358 non-residentia
1264 3313 1332 3360 sum
1363 3295 1399 3359 in

345 3395 467 3474 eadem,
486 3396 606 3482 apponi
629 3394 780 3473 feceritis,
807 3394 942 3460 interim
965 3395 1108 3459 relaxari
1131 3395 1280 3476 faciatis5
1305 3401 1347 3472 et,
1370 3397 1399 3460 si

343 3497 424 3582 quid
454 3502 568 3562 contra
589 3518 762 3583 personam
785 3517 886 3575 suam,
910 3518 949 3562 ea
970 3497 1146 3572 occasione,
1171 3501 1228 3581 per
1249 3518 1309 3561 vos
1339 3519 1397 3562 seu

342 3604 476 3677 vestros,
507 3599 542 3664 in
573 3600 635 3664 hac
666 3606 760 3686 parte
794 3600 896 3664 suerit
930 3603 1142 3675 attentatum,
1177 3585 1311 3663 interim
1345 3621 1395 3664 re·

343 3722 457 3767 vocare
491 3702 627 3767 faciatis.
688 3703 794 3780 Teste,
817 3701 868 3768 W.
893 3701 932 3764 de
956 3701 1129 3787 Norwyco,
1164 3702 1252 3786 apud
1286 3701 1395 3766 West·

342 3805 585 3882 monasterium,
616 3805 733 3890 quinto
763 3803 816 3869 die
847 3803 1025 3882 Februarii,
1048 3825 1135 3869 anno
1166 3805 1258 3892 regni
1288 3803 1393 3870 nostri

340 3906 598 3993 septimo-Per
620 3910 820 3993 praeceptum
842 3907 1012 3973 baronum.

340 4143 421 4194 Breve
436 4143 503 4208 ,θεῖς
519 4160 566 4208 pro
642 4112 834 4189 Edwardus‚
851 4110 916 4176 Dei
930 4112 1045 4198 gratia,
1062 4133 1121 4176 rex
1143 4111 1282 4197 Angliae,
1299 4111 1390 4176 dom·
1404 4127 1535 4224 marseppi

231 4297 235 4306 γ
340 4210 564 4262 auxiliohabenuo.
598 4213 673 4278 inus
705 4213 884 4295 Hiberniae,
908 4221 942 4279 et
972 4215 1042 4278 dux
1071 4213 1269 4300 Aquitaniae,
1292 4235 1390 4278 vene·
1403 4183 1538 4282 pppoqqtc

403 4318 435 4331 ..
455 4317 461 4332 .
568 4317 574 4331 .
723 4317 730 4330 .
793 4317 800 4330 .
910 4311 919 4322 -
1123 4316 1130 4330 .
1380 4281 1515 4333 ,directius

339 4317 437 4382 rabrlr
452 4339 487 4381 1n
498 4316 630 4384 Olrrrsto
646 4322 742 4403 patu,
757 4315 1031 4396 Ricardo,eadem
1046 4320 1161 4402 gratra,
1173 4315 1390 4381 Dunolmensr
1403 4331 1551 4426 ppppiqpp

339 4421 494 4507 episcopo,
518 4420 666 4486 salutem.
722 4417 804 4483 Cum
827 4417 870 4482 ad
891 4417 1117 4483 refrenandam
1142 4417 1302 4484 malitiam
1326 4417 1389 4482 ini·
1402 4397 1553 4534 pappo-⁰

339 4524 496 4589 micorum
512 4527 546 4588 et
562 4521 732 4588 rebellium
756 4527 941 4586 nostrorum
965 4521 1000 4584 in
1023 4520 1172 4607 partibus
1188 4519 1315 4599 Scotiee,
1332 4523 1389 4608 qui
1401 4493 1536 4627 ffisrqott:

337 4631 444 4691 castra
482 4629 516 4689 et
547 4623 708 4690 fortalitia
743 4629 863 4702 nostra,
900 4644 937 4688 ac
967 4623 1105 4688 aliorum
1139 4623 1285 4689 fidelium
1315 4645 1387 4690 nos·
1400 4632 1525 4726 leffium

337 4731 473 4805 trorum,
496 4726 532 4790 in
562 4727 685 4792 eisdem
709 4725 857 4813 partibus
887 4725 1051 4793 hostiliter
1079 4727 1304 4810 invaderem
1330 4729 1490 4793 hozuuny.
