3562 5710
549 862 746 912 nnorsrauu
770 859 976 913 ranamuuu
999 860 1240 914 ouunmnusn.
1333 851 1397 916 987

665 1048 835 1126 Ricardus,
870 1048 1082 1134 permissione
1116 1047 1240 1124 divina,
1272 1044 1398 1110 Dnnol·
1426 1055 1482 1100 tlt
1491 1059 1548 1100 1³14·

613 1151 733 1216 mensis
759 1149 940 1236 episcopus,
964 1149 1084 1215 dilecto
1107 1149 1143 1212 iu
1167 1147 1299 1214 Christo
1322 1120 1557 1222 filiaiitldtlii‘

347 1251 506 1339 magistro
529 1253 674 1318 Roberto
697 1251 738 1316 de
761 1252 899 1318 Baldok'
923 1252 1078 1318 canonico
1109 1257 1143 1316 et
1174 1221 1570 1336 prebendarioi'tdliltlta

347 1355 488 1420 ecelesiae
512 1354 728 1440 praebendalis
751 1353 791 1419 de
807 1354 921 1431 Cestr',
936 1361 1059 1419 nostrae
1077 1353 1234 1429 dioecesis,
1250 1352 1398 1428 salutem,
1412 1321 1545 1416 {iiiiii

346 1456 488 1542 gratiam
532 1461 566 1522 et
600 1455 869 1522 benedictionem.
941 1456 1025 1522 Cum
1059 1455 1096 1519 in
1129 1453 1263 1519 ccclesia
1297 1453 1399 1519 cesar
1413 1423 1511 1516 iiiiii

347 1557 514 1643 praedicta,
545 1557 582 1622 in
614 1579 681 1644 qua
711 1563 818 1624 certus
848 1563 899 1622 est
929 1557 1159 1623 canonicorum
1190 1561 1224 1622 et
1253 1523 1534 1641 praeben-biiiiiiri‘

347 1659 463 1724 darum
486 1681 652 1741 numerus,
676 1659 854 1725 distinctus
877 1664 911 1724 et
934 1659 1106 1724 ordinatus
1127 1660 1170 1726 ab
1197 1659 1344 1742 antiqno,
1367 1661 1402 1721 et

347 1783 528 1828 communae
550 1762 767 1828 residentium
806 1762 1035 1828 canonicorum
1068 1761 1213 1848 ejusdem
1249 1760 1400 1840 ecclesiae,

347 1863 406 1948 qui
428 1886 487 1949 per
503 1868 570 1929 tres
586 1885 714 1929 menses
737 1863 773 1927 in
797 1883 884 1928 anno
907 1863 943 1926 in
966 1863 1039 1948 ipsa
1054 1863 1188 1929 ecclesia
1210 1861 1402 1938 resederint,

349 1965 430 2029 certi
453 1971 531 2030 sunt
554 1964 698 2049 ejusdem
729 1963 871 2031 ecclesiae
894 1965 1021 2031 fructus
1051 1961 1212 2050 deputati,
1235 1969 1274 2029 tu
1305 1963 1403 2027 dictae

348 2065 490 2133 ccclesiae
518 2065 703 2144 canonicus
725 2066 783 2152 qni
806 2066 842 2130 in
872 2064 945 2151 ipsa
975 2065 1264 2150 ecclesiamque
1294 2064 1404 2129 nullus

348 2189 495 2253 unquam
533 2168 708 2233 canonicus
741 2172 861 2254 praeter
892 2173 926 2230 te
964 2167 1094 2246 resedit,
1128 2173 1274 2252 tempore
1307 2165 1403 2231 bonan

348 2270 515 2335 memoriae
536 2269 686 2347 Antonii,
708 2267 953 2356 praedeceasoris
974 2269 1079 2334 nostri
1109 2267 1302 2348 immediati,
1325 2267 1404 2332 resi-

350 2371 495 2437 dentiam
511 2372 632 2438 feceras
655 2373 864 2458 personalem,
881 2376 915 2436 et
929 2370 972 2436 ob
989 2371 1051 2438 hoc
1073 2371 1206 2449 fructus,
1227 2374 1325 2457 prout
1340 2369 1403 2434 tibi

351 2471 564 2552 debebantur,
588 2495 776 2560 perceperas
799 2473 990 2552 antedictos,
1013 2493 1072 2560 per
1093 2477 1224 2558 tempus
1247 2473 1283 2537 in
1307 2472 1404 2538 dictae

258 2572 283 2626 -'
351 2575 493 2640 ecclesiae
524 2575 729 2641 ordinatione
755 2575 935 2641 limitatum
959 2575 1100 2640 residere
1123 2597 1293 2662 proponas,
1315 2575 1402 2660 quod

349 2682 384 2742 et
398 2681 598 2764 protestatus
620 2699 655 2743 es
679 2699 786 2744 coram
808 2676 912 2755 nobis,
935 2683 970 2742 et
992 2676 1034 2742 ob
1056 2677 1118 2744 hoc
1132 2677 1176 2743 ad
1198 2681 1312 2763 partes·
1329 2677 1403 2742 illas

348 2777 467 2864 arripis
497 2783 592 2842 tuum
615 2779 705 2859 iter3
747 2801 816 2858 nos,
839 2778 986 2844 volentes
1009 2778 1131 2845 dictam
1161 2779 1402 2845 ordinationem

349 2879 585 2946 inviolabiliter
606 2901 665 2968 per
695 2882 805 2947 omnia
826 2882 959 2962 servari,
983 2901 1081 2968 quam
1105 2882 1259 2948 omnibus
1278 2887 1313 2946 et
1334 2881 1402 2946 sin·

348 2981 436 3070 gulis
459 2983 580 3048 nostris
602 2981 745 3048 subditis
777 2987 811 3049 et
842 2983 1003 3049 ministris
1025 2984 1171 3050 districte
1195 2983 1402 3069 praecipimus

349 3091 384 3149 et
405 3083 608 3170 injungimus
634 3085 773 3150 firmiter
795 3084 1041 3168 observandam,
1064 3085 1312 3164 considerantes,
1328 3107 1402 3150 cum

350 3184 531 3272 ¹Apostolo‚
550 3185 753 3253 laborantem
769 3187 945 3274 agricolam
969 3187 1010 3252 da
1031 3187 1192 3253 fructibus
1215 3187 1286 3275 ejus
1313 3187 1403 3274 prius

350 3285 513 3374 suscipere
545 3287 670 3370 debere,
694 3287 821 3354 fructus
852 3295 887 3355 et
918 3294 1098 3376 proventus
1131 3290 1228 3356 dictae
1262 3289 1402 3356 ecclesiae

349 3390 544 3478 supradictae
578 3413 760 3459 communae
793 3391 1008 3457 residentium
1042 3392 1226 3478 deputatos,
1260 3393 1302 3457 ob
1336 3399 1403 3459 tuae

349 3493 537 3558 residentiae
567 3494 732 3572 meritum,
754 3493 935 3560 secundum
958 3499 1105 3558 tenorem
1133 3500 1167 3558 et
1193 3494 1339 3560 formam.
1354 3515 1404 3561 or-

349 3593 528 3660 dinationis
542 3617 639 3682 super
657 3596 718 3662 hoc
733 3595 839 3673 edica,
856 3594 897 3661 ob
916 3601 984 3662 tuae
999 3595 1184 3661 residentiae
1199 3602 1234 3662 et
1255 3595 1403 3662 laborum
1464 3663 1469 3676 ,
1516 3635 1522 3678 ;

350 3695 515 3774 meritum,
530 3702 564 3763 te
580 3696 675 3784 plene
689 3719 728 3764 ac
742 3697 842 3762 libere
857 3697 1021 3785 percipere
1037 3697 1198 3778 volumus,
1213 3702 1247 3764 et
1263 3698 1403 3781 habere3

350 3804 386 3864 ct
406 3819 475 3864 non
500 3821 559 3885 per
580 3820 641 3864 nos
662 3799 717 3865 vel
738 3803 866 3865 nostros
897 3799 1055 3882 subditos,
1078 3807 1138 3866 aut
1164 3802 1266 3866 aliurn
1290 3821 1402 3889 quem-

351 3922 489 3986 cunque,
503 3900 567 3965 tibi
590 3902 626 3966 in
648 3901 721 3982 hiis,
737 3902 791 3967 vel
805 3901 901 3993 circa]
913 3925 959 3984 ea,
975 3903 1249 3991 impedimentum
1271 3905 1405 3991 aliquod

351 4002 474 4081 inferri,
497 4024 554 4068 seu
584 4025 772 4092 gravamen.
831 4007 877 4070 Et
908 4005 1131 4085 nihilominus,
1155 4007 1277 4072 nostris
1300 4059 1306 4073 .
1331 4061 1337 4073 .
1363 4061 1369 4074 .
1395 4061 1401 4074 .

351 4103 482 4170 officiali
513 4110 573 4171 aut
606 4107 840 4193 sequestratori
877 4106 1026 4174 districte
1059 4109 1281 4195 praecipiendo
1311 4133 1404 4176 man-

351 4205 478 4286 damus,
514 4211 678 4294 quatenus
712 4213 746 4273 te
780 4207 910 4274 eosdem
933 4210 1059 4276 fructus
1092 4211 1193 4276 libera
1230 4213 1404 4300 percipere,

351 4327 390 4373 ao
412 4309 453 4374 de
476 4308 556 4396 ipsis
579 4310 760 4396 disponere,
776 4310 991 4398 permittant3
1016 4313 1173 4378 facientes
1189 4313 1253 4378 tibi
1268 4315 1309 4380 de
1325 4315 1405 4402 ipsis

351 4411 514 4478 fructibus
530 4417 564 4478 et
586 4413 798 4500 pecuniarum
811 4412 1069 4500 quantitatibus
1085 4415 1114 4480 si
1136 4437 1210 4502 quae
1233 4415 1405 4497 debentur,

351 4533 393 4578 ex
415 4511 496 4600 ipsis
518 4516 580 4580 vel·
595 4533 655 4602 pro
677 4516 732 4594 eis,
756 4539 814 4604 pro
837 4524 998 4585 autumno
1021 4519 1139 4585 ultimo
1162 4519 1339 4606 praeterito,
1363 4521 1406 4588 ab

351 4615 498 4702 ipsorum
534 4617 704 4684 fructuum
738 4620 965 4686 detentoribus
997 4627 1031 4688 et
1068 4622 1272 4689 debitoribus
1309 4625 1405 4712 plene

744 4793 753 4827 ¹
771 4801 786 4847 2
800 4795 928 4862 Timotby,
939 4796 965 4848 ii.
978 4804 1000 4849 6.
