3566 5712
427 812 493 882 978
611 823 809 880 nssrsrsvu
831 818 1032 876 crimmum
1054 819 1297 873 uuusmrnusu

276 1031 401 1078 ali-1³1³·
472 1017 524 1084 De
554 1017 663 1104 priore
696 1016 910 1102 Leproscrum
944 1012 985 1080 de
1013 1010 1145 1078 Bolton'
1176 1009 1356 1096 recepimus
1377 1009 1479 1076 breve
1489 1027 1534 1072 aa
1543 1027 1621 1084 sire.
1631 1029 1655 1076 a.

429 1135 470 1199 de
493 1133 643 1220 ponendo
665 1133 702 1197 iu
724 1134 915 1217 respectum,
931 1149 1034 1214 usque
1056 1126 1100 1194 ad
1123 1127 1322 1214 quindenam
1346 1125 1480 1194 Pasehae

430 1236 581 1322 proximo
603 1233 757 1298 suturam.

475 1337 542 1402 ¹Et
564 1338 610 1403 sic
632 1335 716 1400 nihil
739 1337 887 1400 remanet
908 1333 1087 1398 levandum
1109 1354 1169 1420 per
1190 1331 1281 1397 istud
1306 1331 1412 1400 breve.

476 1439 650 1505 1Etnibil
673 1441 821 1502 remanet
844 1435 1022 1500 levandum
1045 1433 1216 1521 per·istud
1238 1433 1346 1500 breve.

262 1653 394 1714 memma
431 1672 513 1722 Breve
525 1671 665 1736 propriore
744 1635 937 1712 Edwardus,
975 1633 1039 1699 Dei
1082 1633 1198 1720 gratia,
1236 1654 1296 1698 rex
1340 1631 1480 1718 Angliae,

262 1706 360 1816 ffirgfr
370 1703 410 1746 ⁸¹¹⁰
431 1737 587 1788 Kuriolensi.
699 1737 851 1802 domiuus
890 1736 1071 1812 Hiberniae,
1105 1741 1140 1801 et
1178 1735 1246 1800 dux
1280 1735 1479 1820 Aquitaniae,

262 1805 362 1850 ⁰⁸¹¹ss&
431 1839 612 1904 venerabili
649 1838 686 1903 in
723 1839 856 1904 Christo
894 1839 990 1924 patri,
1027 1839 1177 1918 Ricardo,
1213 1838 1327 1903 eadem
1364 1838 1479 1924 gratia,

431 1941 581 2027 episcopo
604 1941 829 2020 Dunolmensi,
852 1941 1001 2007 salutem.
1051 1941 1245 2020 Mandamus
1267 1939 1370 2020 vobis,
1394 1941 1481 2004 sicut

431 2042 512 2118 alias
545 2044 641 2108 vobis
675 2044 911 2120 mandavimus,
945 2043 1033 2129 quod
1066 2045 1178 2108 venire
1209 2042 1338 2108 faciatis
1371 2063 1480 2108 coram

426 2145 621 2229 justiciariis
642 2147 762 2210 nostris
784 2145 873 2233 apud
895 2145 1231 2224 westmonasterium,
1246 2167 1267 2208 a
1289 2143 1342 2209 die
1366 2145 1480 2209 Sancti

432 2246 569 2312 Hillarii
590 2249 628 2312 in
658 2271 712 2312 xv.
743 2248 822 2325 dies,
853 2247 876 2312 J
878 2246 1039 2312 ohannem
1070 2249 1111 2312 de
1143 2247 1366 2333 Gamelingey,
1388 2247 1480 2311 cleri-

432 2371 506 2414 cum
538 2354 693 2427 vestrum,
723 2349 765 2414 ad
795 2349 1056 2436 respondendum
1089 2349 1190 2436 priori
1221 2351 1333 2414 Beatus
1366 2348 1479 2414 Mariae

432 2450 583 2532 Ksrlioli,
616 2451 657 2516 de
688 2451 810 2538 placito
844 2451 931 2537 quod
961 2451 1078 2516 reddat
1111 2453 1141 2516 ei
1174 2452 1415 2538 quinquaginta
1446 2458 1480 2517 et

434 2554 581 2639 quinque
612 2554 721 2632 libras,
744 2575 825 2639 quas
855 2553 886 2618 ei
916 2553 1023 2634 debet,
1055 2557 1090 2618 et
1120 2553 1242 2638 injuste
1273 2554 1410 2632 detinet,
1440 2558 1480 2617 ut

433 2657 534 2720 dicit:
573 2661 607 2721 et
637 2656 725 2722 unde
755 2656 934 2720 vicecomes
965 2659 1076 2720 noster
1114 2655 1364 2722 Nerthumbrise
1398 2656 1479 2721 alias

434 2758 607 2823 mandavit
640 2759 834 2844 justiciariis
865 2757 987 2823 nostris
1018 2757 1107 2843 apud
1140 2759 1479 2839 westmonasterium,

433 2861 521 2946 quod
555 2861 732 2946 praedictus
766 2861 934 2926 Johannes
968 2859 1103 2924 clericus
1136 2865 1195 2937 est,
1218 2867 1254 2926 et
1283 2883 1350 2925 non
1379 2861 1481 2927 habet

433 2962 552 3026 laicum
575 2962 706 3026 feodum
737 2963 772 3026 in
803 2961 927 3026 balliva
956 2982 1024 3038 sua,
1046 2961 1104 3025 ubi
1135 2966 1243 3048 potest
1273 2964 1480 3028 summoneri.

435 3063 480 3128 Et
510 3063 630 3141 sciatis,
653 3063 750 3148 quod,
773 3063 838 3126 nisi
873 3063 934 3127 hoc
956 3063 1149 3129 mandatum
1172 3069 1320 3129 nostrum
1352 3065 1481 3150 plenius

434 3166 650 3252 exequamini,
666 3167 813 3252 graviter
835 3167 876 3231 ad
900 3187 960 3231 vos
983 3166 1155 3252 capiemus.
1202 3167 1247 3232 Et
1268 3167 1417 3231 habeatis
1433 3167 1481 3232 ibi

433 3269 494 3334 hoc
517 3267 622 3334 breve.
669 3269 775 3346 Teste,
799 3268 849 3333 W.
874 3269 914 3332 de
942 3268 1116 3346 Bereford’‚
1139 3269 1228 3356 apud
1259 3268 1482 3334 Westmonas·

432 3371 562 3450 terium,
608 3367 702 3456 xxij0.
748 3371 801 3436 die
847 3369 1053 3449 Novembris,
1099 3392 1186 3436 anno
1230 3373 1323 3458 regni
1375 3372 1482 3436 nostri

432 3473 579 3558 septime.

264 3679 389 3773 tsessigneio
436 3687 572 3746 murnum
646 3662 816 3728 Johannes
854 3661 894 3728 de
933 3662 1165 3751 Gamelingeye
1200 3684 1267 3729 nou
1299 3669 1349 3730 est
1381 3664 1481 3730 bene-

264 3779 402 3832 gorngwru.
433 3761 552 3825 eiusdem·
604 3763 735 3829 ficiatus
758 3765 793 3828 in
817 3764 949 3831 dioecesi
972 3771 1093 3834 nostra.

290 3989 382 4062 nime.
433 4003 516 4054 Breve
527 4002 622 4054 domini
635 4003 700 4068 regis
779 3967 971 4047 Edwardus,
996 3969 1060 4034 Dei
1094 3971 1211 4056 gratia,
1246 3993 1306 4036 rex
1338 3971 1481 4058 Angliae,

263 4051 404 4145 'ffilffffiss
433 4070 700 4133 quoddistringatool-
733 4069 885 4133 dominus
916 4070 1096 4151 Hiberniae,
1121 4077 1156 4136 et
1179 4071 1248 4136 dux
1279 4073 1481 4158 Aquitsniae,

260 4151 375 4194 mintho
432 4136 538 4186 lectores
579 4143 699 4186 custumae
879 4168 911 4182 ..
954 4167 960 4182 .
1093 4168 1099 4182 .
1275 4170 1282 4184 .
1365 4172 1371 4185 .

263 4202 415 4244 Quem„
431 4202 698 4253 lanarumuellerne-
732 4167 914 4232 venerabili
951 4189 987 4231 1n
1023 4167 1154 4233 Christo
1197 4175 1293 4256 patri,
1331 4171 1481 4250 R1cardo,

263 4251 414 4346 {lfssfflffi'ss'
431 4269 495 4330 poor.
731 4270 843 4334 eadem
896 4269 1011 4356 gratia,
1061 4269 1275 4336 Dunelmensi
1321 4274 1480 4358 episeopo,

264 4353 410 4405 ¹¹⁰¹ffll⁰⁰l
431 4371 579 4436 salutem.
635 4371 722 4450 Quia
755 4393 860 4458 nuper
891 4371 1122 4437 mendavimus
1153 4374 1379 4440 collectoribus
1409 4398 1482 4440 cus-

431 4479 535 4538 tumae
568 4472 728 4554 lanarum,
760 4474 896 4560 pellium
934 4473 1133 4554 lanularum,
1168 4480 1202 4540 et
1238 4479 1408 4558 coriorum,
1444 4479 1481 4542 in

433 4625 571 4634 ———
591 4629 786 4635 .-....—-.—
958 4631 1167 4638 ....-..-...-.——--.-.-
1185 4633 1193 4638 .
1250 4635 1285 4640 ..-,
1364 4635 1406 4640 n..
1418 4635 1436 4640 —

750 4704 757 4737 ¹
776 4707 867 4756 Added
880 4706 905 4755 in
917 4722 933 4756 a
944 4706 1060 4757 different
1072 4708 1149 4759 haud.
