3562 5710
401 839 485 902 1044
575 847 774 900 nnmsrnurr
798 845 1000 895 rsrnrrnun
1024 841 1267 894 nunmnsusn

245 1051 369 1097 tvm·
396 1040 475 1124 gari,
500 1044 533 1104 et
567 1038 653 1124 ipsos
682 1037 724 1102 ad
755 1035 1001 1121 inquisitionem
1032 1033 1185 1118 aliquam,
1219 1029 1271 1094 vel
1304 1027 1449 1104 assisam,
1464 1042 1626 1097 sams

396 1141 437 1206 de
460 1140 674 1207 advocatione
703 1138 861 1224 praedicte
892 1137 979 1200 inter
1000 1139 1110 1221 partes
1132 1132 1307 1220 praedietas
1339 1151 1449 1217 proce-

397 1241 473 1308 dere
496 1242 697 1328 capiendam,
719 1245 807 1317 tunc,
830 1239 873 1303 ad
895 1237 1063 1324 praemissa
1084 1239 1267 1321 respectum
1290 1231 1450 1297 habentes

396 1344 585 1430 pleniorem,
608 1348 678 1408 tam
701 1341 838 1428 provide
861 1345 895 1404 et
917 1340 1148 1423 circumspecte
1179 1336 1216 1400 in
1237 1335 1370 1420 negotio
1393 1333 1450 1398 illo

397 1445 582 1532 procedant,
599 1443 685 1530 quod
708 1442 804 1508 nobie
819 1442 856 1506 in
871 1441 932 1506 hae
947 1445 1042 1527 parte
1057 1436 1284 1524 praejudicium
1307 1435 1450 1522 aliquod,

398 1569 456 1613 seu
490 1546 699 1633 dispendium
722 1545 910 1610 nullatenus
932 1545 1113 1628 generetur,
1136 1545 1171 1604 et
1200 1539 1249 1604 ita
1272 1537 1368 1624 qnod,
1392 1559 1450 1623 per

397 1649 499 1714 vestri
521 1653 581 1715 aut
600 1647 777 1714 eorundem
794 1644 1054 1730 justiciariomm
1078 1646 1261 1708 vestrorum
1284 1639 1448 1706 defectum

397 1751 434 1814 in
465 1750 526 1815 hac
549 1753 651 1835 parte,
673 1769 742 1828 nos,
765 1747 892 1840 ratione
926 1745 1099 1832 dignitatis
1127 1751 1250 1810 nostrae
1283 1741 1382 1828 regiae
1416 1745 1451 1806 et

397 1852 535 1916 dominii
558 1851 662 1916 nostri
685 1849 870 1936 superioris,
886 1848 928 1912 ad
950 1848 1012 1912 hoo
1033 1867 1196 1933 apponere
1210 1867 1276 1910 non
1300 1847 1450 1930 oportent

398 1973 515 2019 manus
538 1957 673 2019 nostras.
712 1951 809 2016 Teste
832 1949 965 2036 meipso,
999 1948 1088 2035 apud
1111 1944 1450 2022 westmonasterium,

399 2067 469 2120 xx0.
492 2055 546 2120 die
568 2052 730 2132 Jannarii,
752 2073 839 2118 anno
861 2051 952 2137 regni
974 2050 1079 2115 nostri
1102 2055 1226 2116 octavo.

232 2225 376 2271 numero
403 2249 408 2261 ·
500 2272 505 2284 ,
597 2271 603 2284 ,
703 2203 874 2270 Praetextu
897 2204 991 2288 cujus
1016 2202 1136 2283 brevis,
1169 2200 1361 2268 mandatnm
1384 2200 1451 2264 fuit

231 2277 274 2370 iii
290 2276 375 2378 “dii-⁰⁸
400 2273 524 2323 urceum
534 2273 625 2323 bens.
654 2305 849 2390 justiciariis
864 2305 1006 2392 episcopi
1029 2305 1091 2370 sub
1107 2305 1169 2370 hac
1191 2303 1296 2369 forma
1308 2301 1451 2383 :-Qno-

232 2376 383 2470 ffldffl*
400 2405 485 2470 eirea
509 2405 603 2470 vobis
626 2407 828 2486 mandamus,
851 2412 1014 2492 quatenus
1041 2407 1084 2471 ad
1114 2407 1215 2470 verba
1236 2403 1317 2470 dieti
1342 2405 1452 2470 brevis

232 2476 335 2522 ‘hm'
400 2506 605 2573 intellectum
622 2515 766 2574 vestrum
783 2509 929 2596 sagacius
944 2508 1131 2594 dirigentes,
1147 2507 1325 2573 secundnm
1350 2507 1453 2594 ipsius

399 2609 539 2676 formam
561 2611 631 2674 vim
653 2615 688 2676 et
711 2610 863 2676 effectum
887 2611 922 2676 in
956 2610 1089 2696 negotio
1120 2610 1207 2696 quod
1237 2609 1326 2674 inter
1348 2609 1453 2674 dictas

399 2715 509 2797 partes
532 2733 640 2778 eoram
663 2712 759 2778 vobis
789 2713 941 2794 vertitur,
976 2718 1100 2798 quanto
1130 2711 1291 2799 poteritis,
1315 2711 1453 2776 eircum-

400 2813 552 2900 spectiue,
574 2835 616 2878 ne
641 2819 755 2880 tamen
778 2823 900 2880 nostrae
922 2813 1070 2879 libertati
1091 2813 1199 2900 regiae,
1223 2812 1277 2878 vel
1298 2813 1452 2877 alterutri

402 2913 558 2998 partium,
581 2913 643 2980 fiat
658 2915 893 3000 ¹praejudicium
916 2916 970 2980 vel
992 2915 1123 3001 injuria,
1146 2914 1338 3001 procedetis.

232 3083 370 3178 agana:
404 3097 486 3148 Breve
505 3113 551 3162 pm
570 3097 611 3148 (ΗΘ
628 3106 654 3150 02
732 3067 923 3148 EdwmtiUS,
965 3067 1029 3134 Dei
1066 3069 1182 3155 gratia,
1219 3090 1278 3133 nex
1314 3068 1454 3154 Angliae,

232 3183 355 3237 annonae
404 3177 474 3282 Ἠ
489 3163 654 3280 Mum&
686 3167 838 3235 dominus
871 3169 1052 3250 Hiberniae,
1083 3175 1118 3235 et
1149 3171 1219 3235 dux
1250 3169 1455 3255 Aquitaniae,

233 3235 386 3378 ffimffi
404 3237 488 3346 forante
489 3244 523 3346 ¹1¹„
538 3231 655 3348 deeoesssiss
687 3269 868 3336 venerabili
900 3272 936 3334 in
959 3270 1091 3337 Christo
1115 3272 1210 3358 patri,
1233 3271 1382 3348 Ricardo,
1403 3293 1456 3335 ea-

233 3346 386 3477 pgtglffipr
404 3361 581 3413 d⁰c⁰¹²⁶⁸⁰¹³f·
687 3374 762 3440 dem
794 3372 910 3460 gratia,
934 3372 1082 3460 episcopo
1115 3373 1338 3451 Dunolmensi,
1369 3373 1454 3438 salu-

233 3485 361 3578 ffl'ffl„
404 3479 480 3541 tem.
539 3476 626 3557 Quia
662 3497 760 3563 super
796 3480 943 3560 ternpore
981 3474 1201 3540 institutionis
1238 3474 1378 3540 Wadteri
1415 3474 1455 3538 de

234 3583 371 3628 amoenos
407 3574 562 3654 Olifford’,
577 3577 693 3655 cleriei,
708 3578 744 3641 in
767 3575 901 3642 eeclesia
923 3576 964 3640 de
987 3575 1247 3654 Overeonsclive,
1270 3597 1328 3662 per
1349 3577 1455 3641 Anto-

233 3633 393 3784 diffiim
405 3677 507 3756 nium,
524 3680 688 3764 quondam
711 3678 898 3764 episcopum
915 3677 1179 3754 Dunolmensem,
1195 3677 1350 3742 ultimum
1372 3699 1454 3765 prae-

235 3783 282 3826 1¹2⁶
290 3765 380 3878 Ἦ.
406 3778 602 3844 decessorem
625 3786 781 3859 vestrum,
796 3779 840 3844 ad
861 3779 1148 3866 praesentationem
1163 3779 1187 3844 J
1188 3779 1337 3860 ohannis,
1352 3801 1455 3864 quon-

235 3832 320 3877 Μ
405 3880 482 3945 dam
517 3881 647 3946 baronis
681 3880 722 3946 de
755 3878 941 3965 Graystok',
975 3880 1080 3959 fectae,
1114 3887 1153 3945 ut
1190 3880 1323 3961 dieitur,
1358 3881 1456 3948 certis

405 3981 567 4047 decausis
589 3982 740 4047 volumus
771 3981 946 4060 certiorari,
967 3981 1063 4048 vobis
1087 3983 1279 4048 mandemus
1294 3988 1456 4068 quatenus

405 4083 543 4168 registro
584 4083 743 4170 [inspecto
781 4082 1040 4170 praedecessoris]
1081 4084 1182 4150 vestri
1219 4083 1368 4171 praedieti
1414 4085 1454 4149 de

405 4187 551 4271 ternpore
581 4184 800 4251 institutionis
834 4184 1008 4271 praedictae,
1033 4206 1097 4270 quo
1119 4207 1206 4250 anno
1228 4191 1262 4251 et
1294 4206 1360 4270 quo
1393 4184 1455 4262 die,

406 4285 568 4364 videlicet,
597 4286 686 4352 facta
714 4286 824 4366 fuerit,
847 4307 906 4351 nos
937 4285 999 4351 sub
1022 4287 1129 4374 sigillo
1162 4292 1271 4352 vestro
1301 4286 1456 4352 distinete

406 4391 440 4452 et
462 4393 583 4473 aperte,
607 4387 677 4452 sine
708 4387 866 4453 dilatione
889 4387 1034 4453 reddatis
1059 4388 1220 4466 certiores,
1249 4387 1456 4454 remittentes

405 4491 502 4555 nobis
523 4491 584 4556 hoo
605 4491 713 4556 breve.
751 4491 847 4557 Teste
869 4491 1001 4578 meipso,
1016 4490 1105 4578 apud
1120 4491 1455 4572 westmonasterium,

404 4587 478 4659 xx⁰.
497 4593 551 4657 die
574 4591 736 4674 Januarii,
759 4613 846 4660 enno
868 4591 962 4680 regni
985 4593 1088 4660 nostri
1111 4599 1234 4661 octavo.
1403 4587 1409 4598 '
