3562 5710
403 822 467 890 992
587 831 786 886 nnsrsrsuu
810 831 1011 885 rsnlrrnou
1033 831 1275 884 ournnrmssr.

253 1038 374 1086 astula
403 1027 498 1114 quod,
528 1027 653 1094 vocatis
690 1045 798 1092 coram
836 1026 931 1091 vobis
969 1045 1050 1112 quos
1081 1045 1124 1090 ex
1153 1025 1217 1092 hac
1253 1043 1351 1090 causa
1387 1023 1641 1090 foreas-arrasa

402 1131 563 1197 noveritis
586 1129 775 1208 evocandos,
799 1129 951 1215 dictoque
981 1130 1116 1216 negotio
1139 1149 1248 1194 coram
1272 1127 1366 1194 vobis
1389 1127 1456 1192 dis-

403 1255 504 1312 cusso,
527 1232 656 1322 plenius
679 1237 714 1298 et
737 1233 933 1309 examinate,
956 1232 984 1308 si
1007 1231 1103 1296 vobis
1134 1231 1282 1318 legitime
1305 1234 1454 1297 constare

402 1337 524 1424 poterit
554 1337 603 1400 ita
624 1355 702 1413 esse,
725 1339 806 1400 tunc
828 1335 863 1399 id
887 1335 982 1420 quod,
998 1355 1056 1420 per
1078 1335 1255 1421 praefatum
1278 1335 1454 1421 praedeces-

402 1459 506 1504 sorem
529 1442 676 1503 vestrum
699 1437 736 1501 iu
759 1437 819 1503 hac
841 1442 943 1524 parte,
959 1438 1067 1501 minus
1089 1437 1162 1518 rite,
1186 1437 1222 1502 in
1245 1438 1327 1503 dicti
1349 1438 1454 1524 patria

300 1605 303 1616 ,
402 1541 515 1618 nostri,
539 1546 573 1605 et
606 1541 719 1618 nostri,
743 1539 969 1626 praejudicium
1000 1543 1206 1605 attentatum
1237 1539 1345 1618 firerit,
1380 1540 1451 1605 sine

403 1644 560 1709 dilatione
592 1642 703 1728 aliqua
736 1643 863 1729 corrigi,
895 1648 996 1728 prout
1029 1643 1071 1707 ad
1103 1664 1169 1720 vos,
1192 1642 1321 1708 ratione
1353 1641 1450 1708 officii

401 1745 504 1811 vestri
526 1745 707 1832 pastoralis,
724 1745 877 1832 pertinet,
906 1745 1041 1810 faciatis.
1089 1745 1186 1809 Teste
1208 1747 1341 1832 meipso,
1365 1745 1453 1831 apud

402 1849 741 1925 westmonasterium,
765 1846 824 1912 ix⁰.
861 1847 914 1912 die
938 1847 1061 1925 Martii,
1095 1869 1183 1913 auno
1221 1849 1315 1934 regni
1346 1848 1452 1912 nostri

400 1949 678 2038 septimo-Cum
701 1951 805 2037 igitur
819 1951 861 2015 ad
876 1949 1110 2014 discussionem
1125 1956 1160 2014 et
1175 1949 1452 2015 examinationem

401 2053 531 2142 praefati
565 2052 699 2140 negotii,
724 2053 820 2117 certis
843 2052 948 2118 causis
972 2057 1006 2116 et
1029 2051 1141 2116 arduis
1172 2053 1355 2138 praepediti,
1380 2074 1454 2138 per·

402 2158 558 2223 sonaliter
591 2156 764 2221 intendere
787 2159 821 2220 et
844 2155 1017 2241 procedere
1049 2175 1259 2239 nequeamus,
1282 2155 1386 2233 vobis,
1410 2155 1449 2219 de

401 2260 493 2346 cujus
516 2259 749 2346 circumspecte
763 2258 928 2323 industria
942 2257 1072 2344 plenam
1088 2257 1243 2323 fiduciam
1258 2257 1452 2335 obtinemus,

400 2364 443 2429 ad
458 2363 636 2440 citandum,
651 2360 901 2449 procedendum,
918 2359 1171 2436 discutiendum,
1188 2360 1452 2438 examinandum,

401 2465 628 2552 corrigendum
667 2469 701 2530 et
747 2463 985 2550 exequendum,
1025 2464 1061 2527 in
1098 2467 1198 2580 negot
1199 2462 1231 2527 io
1276 2463 1452 2542 antedicto

401 2573 499 2656 prout
533 2567 635 2654 ipsius
668 2566 774 2652 qualit
747 2588 810 2631 ras
833 2565 940 2653 exigit
972 2571 1007 2630 et
1040 2565 1228 2650 requirite
1211 2565 1310 2630 etad
1343 2567 1454 2632 omnia

401 2671 466 2737 alia
500 2674 534 2735 et
565 2671 694 2756 singula
731 2670 926 2746 faciendum,
961 2689 1043 2753 quae,
1071 2669 1172 2754 juxta
1203 2667 1349 2746 formam,
1383 2668 1452 2732 vim

374 2761 376 2764 ⁵
402 2777 438 2837 et
452 2771 613 2848 effectum,
629 2770 707 2836 dict'
684 2775 710 2836 tr
725 2770 844 2848 brevis,
859 2771 984 2836 fuerint
970 2775 1125 2856 topport
1126 2791 1202 2850 una,
1219 2771 1307 2836 vices
1322 2775 1452 2837 nostras

403 2873 647 2952 committimus,
671 2893 744 2938 cum
766 2873 943 2959 cujuslibet
964 2872 1141 2938 coercionis
1164 2873 1329 2939 canonicae
1344 2878 1452 2959 potes·

402 2981 481 3054 tate,
497 2977 599 3040 donec
622 2995 676 3040 eas
700 2975 892 3041 duxerimus
914 2975 1120 3041 revocandas.
1161 2975 1288 3041 Valete.
1326 2976 1451 3040 Datum

405 3076 568 3155 Londinii,
591 3091 662 3145 xv0.
696 3077 750 3143 die
785 3077 906 3156 Martii,
937 3097 1024 3144 anno
1059 3077 1194 3144 Domini
1226 3075 1450 3164 M⁰.coc⁰.xiij⁰.,

403 3185 438 3249 et
458 3177 670 3268 pontificatus
692 3173 796 3246 nostri
819 3181 926 3247 tertio,

231 3393 364 3488 ghekinfss
299 3427 484 3496 mm
512 3435 600 3480 eontra
680 3383 874 3464 Edwardus,
899 3384 961 3450 Dei
985 3383 1102 3471 gratia,
1119 3403 1179 3448 rex
1193 3384 1333 3500 Angliae,
1349 3383 1453 3448 domi-

231 3449 378 3540 willitrude
403 3495 516 3547 willelm
516 3497 600 3547 umas
633 3508 696 3552 nus
719 3486 898 3564 Hiberniae,
921 3492 957 3551 et
989 3486 1058 3551 dux
1092 3487 1199 3572 Aquit
1200 3486 1292 3565 anisa,
1316 3507 1452 3551 venera-

233 3545 311 3590 rann
288 3549 376 3600 ugron.
371 3562 559 3628 Parlrngton
634 3587 725 3653 bili'
716 3609 753 3653 m
769 3588 978 3656 Christot
920 3593 978 3676 pat
979 3590 1017 3670 ri,
1034 3588 1184 3669 Ricard0,
1200 3589 1313 3654 eadem
1335 3590 1453 3676 gratia,

401 3695 617 3762 Dunolmensi
640 3693 799 3780 episcopo,
821 3691 970 3757 salutem.
1021 3692 1212 3756 Mandemus
1243 3691 1345 3771 nobie,
1367 3693 1453 3757 sicut

401 3798 483 3865 alias
520 3797 614 3864 vobis
638 3793 876 3875 mandavimus
910 3795 997 3880 quod
1034 3793 1212 3881 distringas
1250 3793 1452 3860 Willelmum

402 3900 442 3964 de
480 3899 683 3986 Parlington,
713 3917 884 3985 personam
923 3895 1065 3961 ecclesiae
1103 3895 1144 3960 de
1182 3895 1356 3980 Kyrkom’,
1396 3919 1453 3982 per

401 4002 560 4068 beneficia
582 4021 642 4066 sua
663 3999 885 4076 ecclesiastica,
902 4019 975 4084 quae
998 3996 1098 4064 habet
1120 3997 1156 4062 in
1178 3996 1310 4062 dioecesi
1333 4004 1452 4079 vestra,

401 4106 451 4169 ita
488 4103 576 4190 quod
614 4103 658 4168 sit
695 4121 803 4167 coram
840 4099 1019 4165 baronibus
1057 4099 1097 4164 de
1136 4099 1302 4165 Soaocario
1340 4106 1453 4165 nostro

402 4207 488 4294 apud
512 4195 849 4282 westmonasterium,
872 4200 909 4266 in
943 4201 1085 4266 crastino
1110 4201 1221 4267 Clausi
1244 4201 1387 4280 Paschae,
1410 4204 1453 4268 ad

402 4308 665 4397 respondendum
708 4305 828 4370 dilecto
871 4307 906 4368 et
943 4303 1031 4368 fideli
1069 4307 1182 4369 nostro
1227 4304 1375 4369 Johsnni
1413 4307 1453 4370 de

403 4407 642 4498 Merkingield’,
679 4428 784 4495 nuper
828 4407 1019 4472 cancellario
1057 4407 1098 4471 de
1136 4406 1248 4471 eodem
1287 4407 1454 4474 Soaccsrio

403 4519 526 4592 nostro,
558 4513 599 4578 de
631 4533 661 4578 x.
694 4511 812 4576 marcis
843 4529 924 4594 quas
955 4509 986 4574 ei
1018 4509 1124 4587 debet,
1155 4513 1195 4573 ut
1233 4509 1336 4588 dicit;
1369 4511 1455 4574 sicut

403 4614 647 4682 rationabiliter
679 4618 861 4679 monstrare
884 4613 1015 4700 poterit,
1039 4612 1126 4697 quod
1159 4611 1237 4678 inde
1260 4611 1456 4699 respondere

409 4717 536 4784 debeat?
579 4717 625 4781 Et
647 4717 824 4782 remittatis
847 4715 895 4780 ibi
929 4721 1008 4780 tunc
1029 4715 1091 4781 hoc
1122 4716 1228 4780 breve.
1275 4715 1378 4793 Teste,
1402 4715 1452 4782 W.
