3562 5714
457 838 521 903 946
638 849 837 900 naemrnurr
859 846 1060 898 eminuas
1081 846 1324 900 nurmnumvss.

307 1047 428 1095 saram.
457 1036 536 1114 Idae,
558 1036 645 1122 quod
677 1036 749 1122 ipsa
775 1035 885 1102 dotem
914 1033 992 1100 inde
1013 1033 1134 1102 habere
1160 1054 1227 1099 non
1250 1033 1357 1116 debet,
1380 1053 1440 1120 pro
1462 1047 1679 1102 samsones

456 1135 545 1223 quod
578 1137 661 1203 alias
696 1137 733 1202 in
767 1137 906 1203 Gnlilaea
929 1135 1074 1203 ecclesiae
1111 1135 1353 1213 Dunolmeneis,
1390 1155 1500 1230 coram

455 1240 589 1305 domino
602 1289 604 1294 .
617 1239 773 1317 Antonio,
796 1259 901 1326 nuper
931 1239 1081 1326 episcopo
1110 1236 1335 1318 Dunelmensi,
1358 1235 1424 1302 fuit
1453 1237 1498 1302 di-

455 1341 599 1406 vortium
634 1342 722 1406 inter
743 1337 938 1428 praedictum
961 1339 1148 1405 Johannem
1171 1339 1277 1404 filium
1300 1338 1504 1404 Marmeduci

456 1447 491 1509 et
512 1443 618 1529 ipsam
659 1442 756 1508 Idam
779 1441 969 1508 solemniter
999 1440 1209 1518 celebratum,
1231 1441 1417 1508 executioni
1448 1440 1504 1505 de·

455 1544 659 1622 mandatum,
681 1549 722 1627 et,
746 1543 896 1624 factum3
929 1547 964 1608 et
987 1544 1065 1629 quia
1087 1541 1277 1628 hujusmodi
1298 1564 1405 1609 causae
1427 1563 1503 1629 cog·

456 1645 541 1710 nitio
564 1645 729 1712 adfurum
746 1649 875 1732 spectat
889 1637 1162 1727 ecclesiasticum
1184 1645 1278 1712 vobis
1300 1645 1504 1722 mandamus,

456 1746 553 1832 quod,
575 1747 759 1816 convocatis
781 1767 890 1814 coram
905 1747 1001 1813 vobis
1015 1748 1058 1814 ad
1079 1747 1141 1813 hoo
1163 1748 1388 1826 convocandis,
1406 1769 1504 1834 super

455 1848 518 1914 hoc
547 1848 594 1913 rei
615 1848 791 1914 veritatem
821 1848 1000 1935 diligenter
1028 1849 1228 1935 inquiratis3
1257 1849 1396 1936 etquid
1424 1850 1501 1914 inde

454 1949 658 2028 inveneritis,
685 1955 833 2016 constare
863 1950 994 2016 faciatis
1024 1951 1218 2037 justiciariis
1251 1951 1381 2028 nostris,
1413 1950 1503 2038 apud

455 2053 665 2130 Dunelmum,
698 2053 735 2116 in
767 2051 912 2118 crastino
945 2052 1060 2118 Sancti
1094 2052 1212 2118 Jacobi
1243 2051 1403 2139 Apostoli,
1435 2051 1503 2116 dis·

455 2154 559 2219 tincta
581 2158 616 2218 et
638 2158 758 2239 aperte,
782 2174 841 2239 per
861 2153 975 2218 literas
996 2158 1125 2220 vestras
1147 2159 1322 2240 patentes3
1346 2159 1381 2219 et
1402 2153 1502 2218 habe-

455 2259 520 2322 atis
551 2255 600 2320 ibi
631 2254 693 2322 hoc
725 2254 832 2320 breve
878 2254 984 2332 Teste,
1007 2256 1041 2321 L
1073 2256 1121 2320 de·
1149 2239 1376 2342 Trikingham,
1412 2255 1500 2341 apud

454 2357 665 2437 Dunelmum,
689 2356 800 2440 xxiij0.
823 2357 875 2422 die
899 2357 1033 2444 Aprilis,
1057 2357 1270 2444 pontificatus
1292 2358 1399 2424 nostri
1413 2379 1500 2424 anno

454 2459 605 2528 secundo.

287 2689 412 2787 ma
454 2729 594 2780 Rerum
681 2664 877 2732 Convocatis
900 2665 1004 2752 igitur
1025 2687 1133 2732 coram
1160 2665 1257 2732 nobis
1278 2666 1405 2732 adhoc
1426 2685 1500 2731 con-

314 2791 354 2852 reg
361 2793 421 2844 wera,
635 2765 801 2845 vocandis,
818 2787 914 2852 super
929 2766 993 2856 hiis
1008 2766 1057 2832 rai
1071 2767 1245 2833 veritatem
1267 2767 1501 2854 inquisivimus

286 2841 441 2938 aelewi}
454 2861 637 2949 diligenter,
652 2870 687 2932 et
701 2887 769 2931 non
791 2868 981 2934 invenimus
996 2869 1176 2935 divortium
1201 2870 1289 2936 inter
1302 2870 1499 2957 praedictum

286 2941 381 3004 ‘lm-⁰⁰·
453 2961 639 3030 conensem
662 2967 769 3034 finum
793 2969 994 3036 nemesus
1019 2977 1054 3036 ee
1076 2972 1181 3060 ipsam
1196 2971 1292 3038 reem
1312 2973 1501 3038 cremer

453 3064 661 3147 celebratum,
684 3068 817 3148 factum,
848 3091 908 3136 nec
944 3073 1130 3139 executioni
1157 3073 1400 3140 demandatum.
1457 3074 1499 3136 In

454 3164 548 3250 cujus
577 3169 625 3234 rei
655 3169 892 3250 testimonium,
913 3179 1091 3259 praesentes
1124 3174 1236 3241 literne
1267 3175 1361 3242 vobis
1392 3175 1501 3264 sigillo

451 3273 564 3334 nostro
593 3270 758 3338 mittimus
789 3273 1006 3362 consignatas.
1067 3273 1192 3342 Datum
1214 3279 1303 3364 apud
1334 3277 1497 3358 Stokton’,

451 3383 546 3438 xxv0.
571 3371 624 3438 die
646 3375 767 3442 mensis
789 3375 883 3458 Julii,
905 3377 1117 3463 pontificatus
1139 3379 1243 3444 nostri
1265 3401 1352 3445 anno
1374 3381 1481 3447 tertio.

282 3563 413 3659 ᾞξῗῂ
450 3597 530 3648 Breve
539 3613 585 3663 pro
595 3599 719 3665 uddone,
795 3577 987 3660 Edwardus,
1011 3588 1079 3665 etc,
1103 3585 1282 3650 venerabili
1309 3584 1345 3649 in
1365 3585 1498 3652 Christo

282 3665 397 3767 &pyrram
451 3664 541 3716 comite
552 3667 689 3732 Warvyk’.
749 3680 845 3765 patri,
860 3682 1010 3765 Rjoppdo,
1023 3685 1136 3751 eadem
1151 3685 1266 3774 gratia,
1281 3685 1497 3753 Dunolmdllsl

282 3762 610 3860 fflpfflcepneopo,
641 3775 789 3846 salutem
851 3781 936 3848 Cum
967 3807 1027 3871 pro
1056 3785 1168 3852 arduis
1198 3787 1346 3873 negotiis,
1373 3809 1433 3854 nos
1463 3793 1497 3855 et

283 3863 404 3914 W&
449 3877 576 3939 statum
598 3877 690 3963 regni
714 3882 819 3946 nostri
841 3884 1119 3973 contingentibus,
1143 3889 1400 3976 parliamentum
1422 3912 1497 3956 nos-

448 3979 548 4053 trum,
570 3979 658 4063 apud
680 3979 1017 4067 westmonasterium,
1040 4009 1145 4077 nuper
1160 3991 1332 4058 fecerimus
1353 4013 1498 4058 summo-

447 4077 527 4156 neri,
555 4080 641 4164 quod
675 4102 742 4148 non
777 4085 980 4154 intendimus
1011 4113 1070 4157 vos
1100 4091 1212 4175 latere,
1235 4116 1273 4160 ac
1301 4094 1439 4160 dilectus
1462 4101 1497 4161 et

448 4178 555 4244 fidelis
577 4188 698 4262 noster,
722 4183 830 4252 Guido
853 4189 895 4254 de
918 4191 1010 4258 Bello
1034 4193 1166 4281 Campo,
1188 4217 1294 4262 comes
1315 4196 1494 4285 Wervvyk'‚

446 4279 570 4346 ibidem
593 4284 634 4349 de
656 4287 814 4354 mandato
836 4296 957 4370 nostro,
981 4315 1054 4360 cum
1086 4297 1233 4382 praelatis
1259 4305 1295 4364 et
1317 4299 1391 4364 aliis
1404 4379 1406 4386 y
1421 4321 1494 4387 pro-

419 4383 573 4448 ceribus
602 4388 695 4474 regni
726 4391 840 4470 nostri,
869 4414 929 4479 pro
952 4395 1052 4462 dictis
1081 4400 1231 4485 negotiis,
1250 4401 1321 4487 jam
1352 4403 1494 4485 existat3

446 4489 480 4548 et
513 4486 609 4553 nobis
643 4487 772 4557 dederit
809 4493 961 4582 intelligi,
996 4499 1084 4585 quod
1117 4500 1245 4567 Alanus
1279 4503 1321 4569 de
1352 4503 1494 4570 Thasdal

443 4587 625 4654 arraniavit
656 4593 822 4675 quandam
859 4598 993 4664 assisam
1032 4622 1128 4668 novae
1166 4603 1347 4671 disseisinae
1379 4627 1494 4672 versus

441 4686 616 4770 praefatum
647 4694 807 4773 comitem,
830 4703 865 4763 et
897 4699 985 4780 alios,
1010 4703 1045 4767 in
1076 4704 1168 4770 brevi
1198 4711 1309 4774 vostro
1340 4707 1493 4795 originali
