<?xml version="1.0" encoding="UTF-8"?>
<!DOCTYPE html PUBLIC "-//W3C//DTD XHTML 1.0 Transitional//EN"
    "http://www.w3.org/TR/xhtml1/DTD/xhtml1-transitional.dtd">
<html xmlns="http://www.w3.org/1999/xhtml" xml:lang="en" lang="en">
 <head>
  <title>
</title>
<meta http-equiv="Content-Type" content="text/html;charset=utf-8" />
  <meta name='ocr-system' content='tesseract 3.04.00' />
  <meta name='ocr-capabilities' content='ocr_page ocr_carea ocr_par ocr_line ocrx_word'/>
</head>
<body>
  <div class='ocr_page' id='page_1' title='image "./registrumpalati00kellgoog_0536.png"; bbox 0 0 3564 5744; ppageno 0'>
   <div class='ocr_carea' id='block_1_1' title="bbox 392 691 1263 780">
    <p class='ocr_par' dir='ltr' id='par_1_1' title="bbox 392 691 1263 780">
     <span class='ocr_line' id='line_1_1' title="bbox 392 691 1263 780; baseline -0.001 0"><span class='ocrx_word' id='word_1_1' title='bbox 392 717 479 780; x_wconf 78' lang='lat'>1152</span> <span class='ocrx_word' id='word_1_2' title='bbox 574 727 773 778; x_wconf 79' lang='lat' dir='ltr'>nrorsrnun</span> <span class='ocrx_word' id='word_1_3' title='bbox 795 691 1263 779; x_wconf 68' lang='lat' dir='ltr'>rumrmuu&#39;nuunnumsn</span> 
     </span>
    </p>
   </div>
   <div class='ocr_carea' id='block_1_2' title="bbox 241 909 1620 1610">
    <p class='ocr_par' dir='ltr' id='par_1_2' title="bbox 241 909 1620 1610">
     <span class='ocr_line' id='line_1_2' title="bbox 241 909 1620 991; baseline -0.003 -14"><span class='ocrx_word' id='word_1_4' title='bbox 241 923 362 969; x_wconf 58' lang='lat' dir='ltr'>tlt-1³¹2·</span> <span class='ocrx_word' id='word_1_5' title='bbox 392 911 468 976; x_wconf 87' lang='lat' dir='ltr'>Hiis</span> <span class='ocrx_word' id='word_1_6' title='bbox 500 911 650 987; x_wconf 89' lang='lat' dir='ltr'>testibus,</span> <span class='ocrx_word' id='word_1_7' title='bbox 674 909 823 988; x_wconf 88' lang='lat' dir='ltr'>dominis,</span> <span class='ocrx_word' id='word_1_8' title='bbox 848 909 1002 976; x_wconf 83' lang='lat' dir='ltr'>Johsnne</span> <span class='ocrx_word' id='word_1_9' title='bbox 1032 911 1073 976; x_wconf 93' lang='lat' dir='ltr'>de</span> <span class='ocrx_word' id='word_1_10' title='bbox 1103 911 1228 991; x_wconf 79' lang='lat' dir='ltr'>Insula,</span> <span class='ocrx_word' id='word_1_11' title='bbox 1253 912 1380 977; x_wconf 85' lang='lat' dir='ltr'>Thema</span> <span class='ocrx_word' id='word_1_12' title='bbox 1401 913 1443 978; x_wconf 89' lang='lat' dir='ltr'>de</span> <span class='ocrx_word' id='word_1_13' title='bbox 1456 920 1588 973; x_wconf 64' lang='lat' dir='ltr'>munuc</span> <span class='ocrx_word' id='word_1_14' title='bbox 1597 923 1620 964; x_wconf 86' lang='lat'>¹·</span> 
     </span>
     <span class='ocr_line' id='line_1_3' title="bbox 391 1011 1444 1099; baseline 0.002 -21"><span class='ocrx_word' id='word_1_15' title='bbox 391 1012 615 1099; x_wconf 75' lang='lat' dir='ltr'>Whytworth,</span> <span class='ocrx_word' id='word_1_16' title='bbox 639 1011 786 1078; x_wconf 83' lang='lat' dir='ltr'>Waitcro</span> <span class='ocrx_word' id='word_1_17' title='bbox 816 1013 858 1077; x_wconf 92' lang='lat' dir='ltr'>de</span> <span class='ocrx_word' id='word_1_18' title='bbox 880 1012 1100 1099; x_wconf 81' lang='lat' dir='ltr'>Wessiugton,</span> <span class='ocrx_word' id='word_1_19' title='bbox 1123 1015 1294 1092; x_wconf 74' lang='lat' dir='ltr'>militibus,</span> <span class='ocrx_word' id='word_1_20' title='bbox 1317 1015 1444 1080; x_wconf 82' lang='lat' dir='ltr'>Thoma</span> 
     </span>
     <span class='ocr_line' id='line_1_4' title="bbox 391 1113 1444 1200; baseline 0.002 -21"><span class='ocrx_word' id='word_1_21' title='bbox 391 1116 432 1181; x_wconf 93' lang='lat' dir='ltr'>de</span> <span class='ocrx_word' id='word_1_22' title='bbox 455 1113 686 1199; x_wconf 84' lang='lat' dir='ltr'>Fysshebum’,</span> <span class='ocrx_word' id='word_1_23' title='bbox 708 1113 873 1178; x_wconf 87' lang='lat' dir='ltr'>Willelmo</span> <span class='ocrx_word' id='word_1_24' title='bbox 907 1114 949 1179; x_wconf 90' lang='lat' dir='ltr'>dc</span> <span class='ocrx_word' id='word_1_25' title='bbox 983 1113 1183 1200; x_wconf 88' lang='lat' dir='ltr'>Kyrkenny,</span> <span class='ocrx_word' id='word_1_26' title='bbox 1214 1115 1368 1180; x_wconf 78' lang='lat' dir='ltr'>dohanne</span> <span class='ocrx_word' id='word_1_27' title='bbox 1403 1116 1444 1181; x_wconf 87' lang='lat' dir='ltr'>dc</span> 
     </span>
     <span class='ocr_line' id='line_1_5' title="bbox 391 1215 1442 1296; baseline 0 -14"><span class='ocrx_word' id='word_1_28' title='bbox 391 1216 529 1296; x_wconf 84' lang='lat' dir='ltr'>Yelsnd,</span> <span class='ocrx_word' id='word_1_29' title='bbox 551 1216 704 1281; x_wconf 86' lang='lat' dir='ltr'>Johsnne</span> <span class='ocrx_word' id='word_1_30' title='bbox 726 1215 796 1279; x_wconf 85' lang='lat' dir='ltr'>filio</span> <span class='ocrx_word' id='word_1_31' title='bbox 817 1215 982 1280; x_wconf 82' lang='lat' dir='ltr'>Johannis</span> <span class='ocrx_word' id='word_1_32' title='bbox 1004 1216 1045 1280; x_wconf 90' lang='lat' dir='ltr'>de</span> <span class='ocrx_word' id='word_1_33' title='bbox 1067 1216 1243 1294; x_wconf 90' lang='lat' dir='ltr'>Dunolm0,</span> <span class='ocrx_word' id='word_1_34' title='bbox 1266 1217 1365 1282; x_wconf 83' lang='lat' dir='ltr'>Petro</span> <span class='ocrx_word' id='word_1_35' title='bbox 1389 1217 1442 1282; x_wconf 89' lang='lat' dir='ltr'>del</span> 
     </span>
     <span class='ocr_line' id='line_1_6' title="bbox 391 1317 1442 1401; baseline 0 -17"><span class='ocrx_word' id='word_1_36' title='bbox 391 1319 497 1396; x_wconf 87' lang='lat' dir='ltr'>Crok&#39;‚</span> <span class='ocrx_word' id='word_1_37' title='bbox 522 1324 556 1382; x_wconf 89' lang='lat' dir='ltr'>et</span> <span class='ocrx_word' id='word_1_38' title='bbox 587 1318 668 1383; x_wconf 88' lang='lat' dir='ltr'>sliis.</span> <span class='ocrx_word' id='word_1_39' title='bbox 714 1317 841 1382; x_wconf 84' lang='lat' dir='ltr'>Datum</span> <span class='ocrx_word' id='word_1_40' title='bbox 872 1317 962 1401; x_wconf 85' lang='lat' dir='ltr'>spud</span> <span class='ocrx_word' id='word_1_41' title='bbox 993 1317 1173 1396; x_wconf 74' lang='lat' dir='ltr'>Stoketm’,</span> <span class='ocrx_word' id='word_1_42' title='bbox 1196 1318 1323 1385; x_wconf 87' lang='lat' dir='ltr'>decimo</span> <span class='ocrx_word' id='word_1_43' title='bbox 1354 1340 1442 1384; x_wconf 91' lang='lat' dir='ltr'>nono</span> 
     </span>
     <span class='ocr_line' id='line_1_7' title="bbox 389 1417 1443 1500; baseline -0.002 -12"><span class='ocrx_word' id='word_1_44' title='bbox 389 1423 443 1488; x_wconf 90' lang='lat' dir='ltr'>die</span> <span class='ocrx_word' id='word_1_45' title='bbox 465 1421 628 1500; x_wconf 86' lang='lat' dir='ltr'>Janusrii,</span> <span class='ocrx_word' id='word_1_46' title='bbox 652 1439 738 1484; x_wconf 85' lang='lat' dir='ltr'>anno</span> <span class='ocrx_word' id='word_1_47' title='bbox 753 1417 889 1483; x_wconf 90' lang='lat' dir='ltr'>Domini</span> <span class='ocrx_word' id='word_1_48' title='bbox 911 1418 1083 1484; x_wconf 88' lang='lat' dir='ltr'>millesimo</span> <span class='ocrx_word' id='word_1_49' title='bbox 1106 1417 1182 1488; x_wconf 78' lang='lat'><strong>000⁰.</strong></span> <span class='ocrx_word' id='word_1_50' title='bbox 1204 1419 1386 1500; x_wconf 88' lang='lat' dir='ltr'>undecimo,</span> <span class='ocrx_word' id='word_1_51' title='bbox 1409 1428 1443 1486; x_wconf 80' lang='lat' dir='ltr'>e&#39;t</span> 
     </span>
     <span class='ocr_line' id='line_1_8' title="bbox 389 1518 899 1610; baseline -0.012 -20"><span class='ocrx_word' id='word_1_52' title='bbox 389 1523 600 1610; x_wconf 83' lang='lat' dir='ltr'>pontificatus</span> <span class='ocrx_word' id='word_1_53' title='bbox 621 1519 727 1585; x_wconf 87' lang='lat' dir='ltr'>nostri</span> <span class='ocrx_word' id='word_1_54' title='bbox 753 1518 899 1606; x_wconf 66' lang='lat' dir='ltr'>[primo]</span> 
     </span>
    </p>
   </div>
   <div class='ocr_carea' id='block_1_3' title="bbox 223 1733 1441 1831">
    <p class='ocr_par' dir='ltr' id='par_1_3' title="bbox 223 1733 1441 1831">
     <span class='ocr_line' id='line_1_9' title="bbox 223 1733 1441 1831; baseline 0.005 -37"><span class='ocrx_word' id='word_1_55' title='bbox 223 1737 361 1831; x_wconf 51' lang='lat' dir='ltr'>333⁰ng</span> <span class='ocrx_word' id='word_1_56' title='bbox 392 1744 624 1812; x_wconf 70' lang='lat' dir='ltr'>Appropmtiovi-</span> <span class='ocrx_word' id='word_1_57' title='bbox 701 1733 872 1812; x_wconf 79' lang='lat' dir='ltr'>Ricardus,</span> <span class='ocrx_word' id='word_1_58' title='bbox 907 1733 1122 1818; x_wconf 80' lang='lat' dir='ltr'>permissione</span> <span class='ocrx_word' id='word_1_59' title='bbox 1157 1736 1279 1814; x_wconf 84' lang='lat' dir='ltr'>divina,</span> <span class='ocrx_word' id='word_1_60' title='bbox 1314 1736 1441 1802; x_wconf 90' lang='lat' dir='ltr'>Dunol-</span> 
     </span>
    </p>
   </div>
   <div class='ocr_carea' id='block_1_4' title="bbox 222 1813 1442 1932">
    <p class='ocr_par' dir='ltr' id='par_1_4' title="bbox 222 1813 1442 1932">
     <span class='ocr_line' id='line_1_10' title="bbox 222 1813 1442 1932; baseline 0.003 -33"><span class='ocrx_word' id='word_1_61' title='bbox 222 1837 374 1932; x_wconf 56' lang='lat' dir='ltr'>fffflfgo</span> <span class='ocrx_word' id='word_1_62' title='bbox 390 1813 626 1929; x_wconf 54' lang='lat' dir='ltr'>ffioffisffl&#39;e</span> <span class='ocrx_word' id='word_1_63' title='bbox 659 1836 780 1901; x_wconf 82' lang='lat' dir='ltr'>mensis</span> <span class='ocrx_word' id='word_1_64' title='bbox 814 1833 995 1921; x_wconf 87' lang='lat' dir='ltr'>episcopus,</span> <span class='ocrx_word' id='word_1_65' title='bbox 1027 1836 1157 1902; x_wconf 89' lang='lat' dir='ltr'>dilectis</span> <span class='ocrx_word' id='word_1_66' title='bbox 1191 1837 1331 1916; x_wconf 78' lang='lat' dir='ltr'>filiabus,</span> <span class='ocrx_word' id='word_1_67' title='bbox 1353 1839 1442 1925; x_wconf 92' lang='lat' dir='ltr'>prio-</span> 
     </span>
    </p>
   </div>
   <div class='ocr_carea' id='block_1_5' title="bbox 222 1936 1579 4672">
    <p class='ocr_par' dir='ltr' id='par_1_5' title="bbox 223 1936 1440 2030">
     <span class='ocr_line' id='line_1_11' title="bbox 223 1936 1440 2030; baseline -0.007 -18"><span class='ocrx_word' id='word_1_68' title='bbox 223 1938 361 2030; x_wconf 49' lang='grc' dir='ltr'>ξξθᾞῖω</span> <span class='ocrx_word' id='word_1_69' title='bbox 391 1945 532 2010; x_wconf 61' lang='lat' dir='ltr'>Hflrstan’.</span> <span class='ocrx_word' id='word_1_70' title='bbox 658 1938 749 2002; x_wconf 82' lang='lat' dir='ltr'>rissae</span> <span class='ocrx_word' id='word_1_71' title='bbox 772 1941 806 2002; x_wconf 87' lang='lat' dir='ltr'>et</span> <span class='ocrx_word' id='word_1_72' title='bbox 829 1936 1026 2001; x_wconf 79' lang='lat' dir='ltr'>monialibus</span> <span class='ocrx_word' id='word_1_73' title='bbox 1048 1939 1241 2004; x_wconf 81' lang='lat' dir='ltr'>monasterii</span> <span class='ocrx_word' id='word_1_74' title='bbox 1263 1939 1305 2003; x_wconf 93' lang='lat' dir='ltr'>de</span> <span class='ocrx_word' id='word_1_75' title='bbox 1328 1939 1440 2004; x_wconf 85' lang='lat' dir='ltr'>Halis-</span> 
     </span>
    </p>

    <p class='ocr_par' dir='ltr' id='par_1_6' title="bbox 222 1999 1440 2127">
     <span class='ocr_line' id='line_1_12' title="bbox 222 1999 1440 2127; baseline -0.006 -15"><span class='ocrx_word' id='word_1_76' title='bbox 222 1999 337 2084; x_wconf 50' lang='lat' dir='ltr'>Hgifflfl·</span> <span class='ocrx_word' id='word_1_77' title='bbox 391 2047 468 2127; x_wconf 82' lang='lat' dir='ltr'>tan’,</span> <span class='ocrx_word' id='word_1_78' title='bbox 492 2043 642 2111; x_wconf 85' lang='lat' dir='ltr'>ecclesias</span> <span class='ocrx_word' id='word_1_79' title='bbox 665 2041 706 2106; x_wconf 89' lang='lat' dir='ltr'>de</span> <span class='ocrx_word' id='word_1_80' title='bbox 730 2037 924 2103; x_wconf 83' lang='lat' dir='ltr'>Orossanset</span> <span class='ocrx_word' id='word_1_81' title='bbox 957 2042 992 2102; x_wconf 92' lang='lat' dir='ltr'>et</span> <span class='ocrx_word' id='word_1_82' title='bbox 1020 2038 1061 2102; x_wconf 90' lang='lat' dir='ltr'>de</span> <span class='ocrx_word' id='word_1_83' title='bbox 1084 2039 1252 2118; x_wconf 81' lang='lat' dir='ltr'>Halistsn,</span> <span class='ocrx_word' id='word_1_84' title='bbox 1274 2061 1342 2105; x_wconf 85' lang='lat' dir='ltr'>una</span> <span class='ocrx_word' id='word_1_85' title='bbox 1364 2063 1440 2107; x_wconf 90' lang='lat' dir='ltr'>cum</span> 
     </span>
    </p>

    <p class='ocr_par' dir='ltr' id='par_1_7' title="bbox 390 2138 1440 2234">
     <span class='ocr_line' id='line_1_13' title="bbox 390 2138 1440 2234; baseline -0.006 -20"><span class='ocrx_word' id='word_1_86' title='bbox 390 2147 515 2234; x_wconf 84' lang='lat' dir='ltr'>capella</span> <span class='ocrx_word' id='word_1_87' title='bbox 540 2146 581 2210; x_wconf 92' lang='lat' dir='ltr'>de</span> <span class='ocrx_word' id='word_1_88' title='bbox 608 2139 785 2218; x_wconf 87' lang='lat' dir='ltr'>Hirbotell,</span> <span class='ocrx_word' id='word_1_89' title='bbox 800 2143 922 2204; x_wconf 77' lang='lat' dir='ltr'>nostrae</span> <span class='ocrx_word' id='word_1_90' title='bbox 939 2138 1097 2218; x_wconf 71' lang='lat' dir='ltr'>dioecesin,</span> <span class='ocrx_word' id='word_1_91' title='bbox 1121 2141 1158 2209; x_wconf 89' lang='lat' dir='ltr'>in</span> <span class='ocrx_word' id='word_1_92' title='bbox 1180 2163 1247 2226; x_wconf 85' lang='lat' dir='ltr'>qua</span> <span class='ocrx_word' id='word_1_93' title='bbox 1268 2143 1440 2208; x_wconf 86' lang='lat' dir='ltr'>consuevit</span> 
     </span>
    </p>

    <p class='ocr_par' dir='ltr' id='par_1_8' title="bbox 390 2240 1440 2337">
     <span class='ocr_line' id='line_1_14' title="bbox 390 2240 1440 2337; baseline -0.004 -23"><span class='ocrx_word' id='word_1_94' title='bbox 390 2271 449 2337; x_wconf 90' lang='lat' dir='ltr'>per</span> <span class='ocrx_word' id='word_1_95' title='bbox 470 2247 630 2314; x_wconf 76' lang='lat' dir='ltr'>vicarium</span> <span class='ocrx_word' id='word_1_96' title='bbox 653 2246 849 2330; x_wconf 88' lang='lat' dir='ltr'>perpetuum</span> <span class='ocrx_word' id='word_1_97' title='bbox 865 2240 1090 2328; x_wconf 70' lang='lat' dir='ltr'>deserviri,{sd</span> <span class='ocrx_word' id='word_1_98' title='bbox 1112 2243 1250 2308; x_wconf 85' lang='lat' dir='ltr'>eandem</span> <span class='ocrx_word' id='word_1_99' title='bbox 1273 2245 1440 2310; x_wconf 85' lang='lat' dir='ltr'>ecclesiam</span> 
     </span>
    </p>

    <p class='ocr_par' dir='ltr' id='par_1_9' title="bbox 390 2343 1440 2433">
     <span class='ocr_line' id='line_1_15' title="bbox 390 2343 1440 2433; baseline -0.006 -16"><span class='ocrx_word' id='word_1_100' title='bbox 390 2352 431 2417; x_wconf 87' lang='lat' dir='ltr'>de</span> <span class='ocrx_word' id='word_1_101' title='bbox 455 2351 611 2414; x_wconf 84' lang='lat' dir='ltr'>Halistan</span> <span class='ocrx_word' id='word_1_102' title='bbox 644 2345 840 2433; x_wconf 86' lang='lat' dir='ltr'>pertinente,</span> <span class='ocrx_word' id='word_1_103' title='bbox 863 2343 900 2407; x_wconf 90' lang='lat' dir='ltr'>in</span> <span class='ocrx_word' id='word_1_104' title='bbox 933 2365 1012 2408; x_wconf 89' lang='lat' dir='ltr'>usus</span> <span class='ocrx_word' id='word_1_105' title='bbox 1034 2345 1181 2431; x_wconf 89' lang='lat' dir='ltr'>proprios</span> <span class='ocrx_word' id='word_1_106' title='bbox 1204 2345 1359 2411; x_wconf 79' lang='lat' dir='ltr'>canonice</span> <span class='ocrx_word' id='word_1_107' title='bbox 1381 2347 1440 2412; x_wconf 93' lang='lat' dir='ltr'>ob-</span> 
     </span>
    </p>

    <p class='ocr_par' dir='ltr' id='par_1_10' title="bbox 389 2442 1439 2531">
     <span class='ocr_line' id='line_1_16' title="bbox 389 2442 1439 2531; baseline -0.007 -12"><span class='ocrx_word' id='word_1_108' title='bbox 389 2451 586 2528; x_wconf 86' lang='lat' dir='ltr'>tinentibus,</span> <span class='ocrx_word' id='word_1_109' title='bbox 609 2447 758 2525; x_wconf 83' lang='lat' dir='ltr'>salutem,</span> <span class='ocrx_word' id='word_1_110' title='bbox 780 2442 979 2531; x_wconf 59' lang='lat' dir='ltr'>gratiamfet</span> <span class='ocrx_word' id='word_1_111' title='bbox 1001 2444 1272 2511; x_wconf 86' lang='lat' dir='ltr'>benedictionem.</span> <span class='ocrx_word' id='word_1_112' title='bbox 1320 2447 1439 2512; x_wconf 86' lang='lat' dir='ltr'>Matris</span> 
     </span>
    </p>

    <p class='ocr_par' dir='ltr' id='par_1_11' title="bbox 389 2543 1439 2634">
     <span class='ocr_line' id='line_1_17' title="bbox 389 2543 1439 2634; baseline -0.006 -15"><span class='ocrx_word' id='word_1_113' title='bbox 389 2553 532 2619; x_wconf 84' lang='lat' dir='ltr'>ecclesiae</span> <span class='ocrx_word' id='word_1_114' title='bbox 555 2550 789 2634; x_wconf 80' lang='lat' dir='ltr'>circumspecta</span> <span class='ocrx_word' id='word_1_115' title='bbox 810 2543 999 2632; x_wconf 83' lang='lat' dir='ltr'>benignitas</span> <span class='ocrx_word' id='word_1_116' title='bbox 1028 2545 1160 2612; x_wconf 89' lang='lat' dir='ltr'>illorum</span> <span class='ocrx_word' id='word_1_117' title='bbox 1190 2548 1439 2633; x_wconf 77' lang='lat' dir='ltr'>gravaminibus</span> 
     </span>
    </p>

    <p class='ocr_par' dir='ltr' id='par_1_12' title="bbox 388 2647 1439 2737">
     <span class='ocr_line' id='line_1_18' title="bbox 388 2647 1439 2737; baseline -0.006 -17"><span class='ocrx_word' id='word_1_118' title='bbox 388 2656 547 2720; x_wconf 88' lang='lat' dir='ltr'>libentius</span> <span class='ocrx_word' id='word_1_119' title='bbox 569 2651 778 2737; x_wconf 78' lang='lat' dir='ltr'>competitur,</span> <span class='ocrx_word' id='word_1_120' title='bbox 801 2652 835 2713; x_wconf 89' lang='lat' dir='ltr'>et</span> <span class='ocrx_word' id='word_1_121' title='bbox 856 2647 1123 2734; x_wconf 85' lang='lat' dir='ltr'>oppressionibus</span> <span class='ocrx_word' id='word_1_122' title='bbox 1145 2650 1329 2736; x_wconf 79' lang='lat' dir='ltr'>promptius</span> <span class='ocrx_word' id='word_1_123' title='bbox 1363 2672 1439 2736; x_wconf 88' lang='lat' dir='ltr'>pro·</span> 
     </span>
    </p>

    <p class='ocr_par' dir='ltr' id='par_1_13' title="bbox 389 2749 1438 2840">
     <span class='ocr_line' id='line_1_19' title="bbox 389 2749 1438 2840; baseline -0.003 -20"><span class='ocrx_word' id='word_1_124' title='bbox 389 2757 491 2833; x_wconf 87' lang='lat' dir='ltr'>videt,</span> <span class='ocrx_word' id='word_1_125' title='bbox 526 2775 614 2840; x_wconf 91' lang='lat' dir='ltr'>quos,</span> <span class='ocrx_word' id='word_1_126' title='bbox 637 2774 706 2838; x_wconf 86' lang='lat' dir='ltr'>pree</span> <span class='ocrx_word' id='word_1_127' title='bbox 743 2749 871 2816; x_wconf 77' lang='lat' dir='ltr'>meteris</span> <span class='ocrx_word' id='word_1_128' title='bbox 903 2749 984 2815; x_wconf 83' lang='lat' dir='ltr'>vitae</span> <span class='ocrx_word' id='word_1_129' title='bbox 1017 2754 1053 2814; x_wconf 87' lang='lat' dir='ltr'>et</span> <span class='ocrx_word' id='word_1_130' title='bbox 1085 2771 1213 2815; x_wconf 88' lang='lat' dir='ltr'>morum</span> <span class='ocrx_word' id='word_1_131' title='bbox 1244 2752 1438 2818; x_wconf 85' lang='lat' dir='ltr'>excellentis</span> 
     </span>
    </p>

    <p class='ocr_par' dir='ltr' id='par_1_14' title="bbox 388 2853 1438 2945">
     <span class='ocr_line' id='line_1_20' title="bbox 388 2853 1438 2945; baseline -0.005 -22"><span class='ocrx_word' id='word_1_132' title='bbox 388 2858 628 2945; x_wconf 84' lang='lat' dir='ltr'>praefulgentes,</span> <span class='ocrx_word' id='word_1_133' title='bbox 652 2854 802 2918; x_wconf 87' lang='lat' dir='ltr'>virtuosa</span> <span class='ocrx_word' id='word_1_134' title='bbox 826 2873 956 2917; x_wconf 90' lang='lat' dir='ltr'>morum</span> <span class='ocrx_word' id='word_1_135' title='bbox 989 2853 1126 2937; x_wconf 84' lang='lat' dir='ltr'>praemia</span> <span class='ocrx_word' id='word_1_136' title='bbox 1154 2853 1271 2939; x_wconf 85' lang='lat' dir='ltr'>dignos</span> <span class='ocrx_word' id='word_1_137' title='bbox 1294 2855 1438 2920; x_wconf 89' lang='lat' dir='ltr'>reddunt</span> 
     </span>
    </p>

    <p class='ocr_par' dir='ltr' id='par_1_15' title="bbox 388 2952 1436 3046">
     <span class='ocr_line' id='line_1_21' title="bbox 388 2952 1436 3046; baseline -0.002 -23"><span class='ocrx_word' id='word_1_138' title='bbox 388 2958 572 3046; x_wconf 88' lang='lat' dir='ltr'>potioribus</span> <span class='ocrx_word' id='word_1_139' title='bbox 594 2955 711 3021; x_wconf 80' lang='lat' dir='ltr'>attolli·</span> <span class='ocrx_word' id='word_1_140' title='bbox 724 2952 895 3018; x_wconf 85' lang='lat' dir='ltr'>favoribus</span> <span class='ocrx_word' id='word_1_141' title='bbox 918 2958 952 3018; x_wconf 86' lang='lat' dir='ltr'>et</span> <span class='ocrx_word' id='word_1_142' title='bbox 975 2953 1157 3039; x_wconf 85' lang='lat' dir='ltr'>majoribus</span> <span class='ocrx_word' id='word_1_143' title='bbox 1180 2955 1347 3021; x_wconf 86' lang='lat' dir='ltr'>beneficiis</span> <span class='ocrx_word' id='word_1_144' title='bbox 1376 2954 1436 3021; x_wconf 93' lang='lat' dir='ltr'>ho-</span> 
     </span>
    </p>

    <p class='ocr_par' dir='ltr' id='par_1_16' title="bbox 388 3054 1435 3142">
     <span class='ocr_line' id='line_1_22' title="bbox 388 3054 1435 3142; baseline -0.002 -18"><span class='ocrx_word' id='word_1_145' title='bbox 388 3060 506 3126; x_wconf 88' lang='lat' dir='ltr'>norari.</span> <span class='ocrx_word' id='word_1_146' title='bbox 553 3057 638 3124; x_wconf 84' lang='lat' dir='ltr'>Cum</span> <span class='ocrx_word' id='word_1_147' title='bbox 669 3056 773 3142; x_wconf 85' lang='lat' dir='ltr'>igitur</span> <span class='ocrx_word' id='word_1_148' title='bbox 806 3054 894 3119; x_wconf 82' lang='lat' dir='ltr'>bona</span> <span class='ocrx_word' id='word_1_149' title='bbox 918 3057 1030 3119; x_wconf 81' lang='lat' dir='ltr'>vestra</span> <span class='ocrx_word' id='word_1_150' title='bbox 1052 3057 1086 3118; x_wconf 87' lang='lat' dir='ltr'>et</span> <span class='ocrx_word' id='word_1_151' title='bbox 1109 3056 1212 3120; x_wconf 86' lang='lat' dir='ltr'>vestri</span> <span class='ocrx_word' id='word_1_152' title='bbox 1236 3058 1435 3139; x_wconf 83' lang='lat' dir='ltr'>monasterii,</span> 
     </span>
    </p>

    <p class='ocr_par' dir='ltr' id='par_1_17' title="bbox 386 3156 1436 3249">
     <span class='ocr_line' id='line_1_23' title="bbox 386 3156 1436 3249; baseline -0.003 -22"><span class='ocrx_word' id='word_1_153' title='bbox 386 3162 475 3249; x_wconf 89' lang='lat' dir='ltr'>quod</span> <span class='ocrx_word' id='word_1_154' title='bbox 504 3161 604 3246; x_wconf 85' lang='lat' dir='ltr'>juxta</span> <span class='ocrx_word' id='word_1_155' title='bbox 625 3158 715 3223; x_wconf 83' lang='lat' dir='ltr'>viam</span> <span class='ocrx_word' id='word_1_156' title='bbox 749 3156 874 3243; x_wconf 83' lang='lat' dir='ltr'>regiam</span> <span class='ocrx_word' id='word_1_157' title='bbox 907 3156 1055 3222; x_wconf 86' lang='lat' dir='ltr'>noscitur</span> <span class='ocrx_word' id='word_1_158' title='bbox 1077 3177 1146 3221; x_wconf 89' lang='lat' dir='ltr'>esse</span> <span class='ocrx_word' id='word_1_159' title='bbox 1177 3157 1286 3239; x_wconf 85' lang='lat' dir='ltr'>situm,</span> <span class='ocrx_word' id='word_1_160' title='bbox 1311 3181 1436 3224; x_wconf 84' lang='lat' dir='ltr'>necnon</span> 
     </span>
    </p>

    <p class='ocr_par' dir='ltr' id='par_1_18' title="bbox 387 3258 1435 3352">
     <span class='ocr_line' id='line_1_24' title="bbox 387 3258 1435 3352; baseline -0.005 -22"><span class='ocrx_word' id='word_1_161' title='bbox 387 3264 619 3352; x_wconf 69' lang='lat' dir='ltr'>praedictarum</span> <span class='ocrx_word' id='word_1_162' title='bbox 654 3258 862 3326; x_wconf 87' lang='lat' dir='ltr'>ecclesiarum</span> <span class='ocrx_word' id='word_1_163' title='bbox 892 3261 1086 3334; x_wconf 79' lang='lat' dir='ltr'>vestrarum,</span> <span class='ocrx_word' id='word_1_164' title='bbox 1109 3279 1248 3342; x_wconf 83' lang='lat' dir='ltr'>quarum</span> <span class='ocrx_word' id='word_1_165' title='bbox 1286 3260 1435 3325; x_wconf 88' lang='lat' dir='ltr'>redditus</span> 
     </span>
    </p>

    <p class='ocr_par' dir='ltr' id='par_1_19' title="bbox 385 3357 1435 3448">
     <span class='ocr_line' id='line_1_25' title="bbox 385 3357 1435 3448; baseline -0.006 -15"><span class='ocrx_word' id='word_1_166' title='bbox 385 3367 481 3434; x_wconf 81' lang='lat' dir='ltr'>valde</span> <span class='ocrx_word' id='word_1_167' title='bbox 496 3372 614 3430; x_wconf 88' lang='lat' dir='ltr'>tenues</span> <span class='ocrx_word' id='word_1_168' title='bbox 636 3366 671 3427; x_wconf 92' lang='lat' dir='ltr'>et</span> <span class='ocrx_word' id='word_1_169' title='bbox 693 3359 795 3426; x_wconf 79' lang='lat' dir='ltr'>exiles</span> <span class='ocrx_word' id='word_1_170' title='bbox 818 3359 976 3435; x_wconf 86' lang='lat' dir='ltr'>existunt,</span> <span class='ocrx_word' id='word_1_171' title='bbox 992 3380 1051 3443; x_wconf 88' lang='lat' dir='ltr'>per</span> <span class='ocrx_word' id='word_1_172' title='bbox 1065 3357 1253 3444; x_wconf 87' lang='lat' dir='ltr'>frequentes</span> <span class='ocrx_word' id='word_1_173' title='bbox 1267 3359 1435 3448; x_wconf 89' lang='lat' dir='ltr'>hospitum</span> 
     </span>
    </p>

    <p class='ocr_par' dir='ltr' id='par_1_20' title="bbox 386 3459 1434 3554">
     <span class='ocr_line' id='line_1_26' title="bbox 386 3459 1434 3554; baseline -0.006 -20"><span class='ocrx_word' id='word_1_174' title='bbox 386 3475 421 3534; x_wconf 90' lang='lat' dir='ltr'>et</span> <span class='ocrx_word' id='word_1_175' title='bbox 442 3465 670 3554; x_wconf 86' lang='lat' dir='ltr'>guermntium</span> <span class='ocrx_word' id='word_1_176' title='bbox 693 3482 849 3537; x_wconf 80' lang='lat' dir='ltr'>accessus,</span> <span class='ocrx_word' id='word_1_177' title='bbox 871 3465 913 3537; x_wconf 87' lang='lat' dir='ltr'>et,</span> <span class='ocrx_word' id='word_1_178' title='bbox 928 3459 1017 3544; x_wconf 91' lang='lat' dir='ltr'>quod</span> <span class='ocrx_word' id='word_1_179' title='bbox 1040 3459 1134 3546; x_wconf 89' lang='lat' dir='ltr'>pejus</span> <span class='ocrx_word' id='word_1_180' title='bbox 1150 3467 1208 3538; x_wconf 89' lang='lat' dir='ltr'>est,</span> <span class='ocrx_word' id='word_1_181' title='bbox 1224 3483 1283 3547; x_wconf 88' lang='lat' dir='ltr'>per</span> <span class='ocrx_word' id='word_1_182' title='bbox 1297 3462 1434 3528; x_wconf 81' lang='lat' dir='ltr'>iteratas</span> 
     </span>
    </p>

    <p class='ocr_par' dir='ltr' id='par_1_21' title="bbox 386 3561 1434 3655">
     <span class='ocr_line' id='line_1_27' title="bbox 386 3561 1434 3655; baseline -0.007 -20"><span class='ocrx_word' id='word_1_183' title='bbox 386 3568 645 3655; x_wconf 79' lang='lat' dir='ltr'>depraedationes</span> <span class='ocrx_word' id='word_1_184' title='bbox 667 3570 703 3630; x_wconf 89' lang='lat' dir='ltr'>et</span> <span class='ocrx_word' id='word_1_185' title='bbox 731 3561 885 3629; x_wconf 85' lang='lat' dir='ltr'>incendia</span> <span class='ocrx_word' id='word_1_186' title='bbox 915 3561 1024 3647; x_wconf 84' lang='lat' dir='ltr'>g&#39;entis</span> <span class='ocrx_word' id='word_1_187' title='bbox 1048 3561 1239 3641; x_wconf 62' lang='lat' dir='ltr'>Scotieeme</span> <span class='ocrx_word' id='word_1_188' title='bbox 1269 3563 1434 3629; x_wconf 79' lang='lat' dir='ltr'>diminuto</span> 
     </span>
    </p>

    <p class='ocr_par' dir='ltr' id='par_1_22' title="bbox 251 3659 1433 3750">
     <span class='ocr_line' id='line_1_28' title="bbox 251 3659 1433 3750; baseline -0.003 -16"><span class='ocrx_word' id='word_1_189' title='bbox 251 3659 256 3670; x_wconf 78' lang='grc'><strong>’</strong></span> <span class='ocrx_word' id='word_1_190' title='bbox 384 3671 453 3736; x_wconf 83' lang='lat' dir='ltr'>fore</span> <span class='ocrx_word' id='word_1_191' title='bbox 475 3669 629 3734; x_wconf 84' lang='lat' dir='ltr'>novimus</span> <span class='ocrx_word' id='word_1_192' title='bbox 651 3663 889 3750; x_wconf 89' lang='lat' dir='ltr'>multipliciter,</span> <span class='ocrx_word' id='word_1_193' title='bbox 913 3667 947 3727; x_wconf 88' lang='lat' dir='ltr'>et</span> <span class='ocrx_word' id='word_1_194' title='bbox 969 3661 1139 3742; x_wconf 68' lang='lat' dir='ltr'>exhausta,</span> <span class='ocrx_word' id='word_1_195' title='bbox 1162 3664 1331 3750; x_wconf 85' lang='lat' dir='ltr'>ipsiusque</span> <span class='ocrx_word' id='word_1_196' title='bbox 1366 3687 1433 3731; x_wconf 93' lang='lat' dir='ltr'>mo·</span> 
     </span>
    </p>

    <p class='ocr_par' dir='ltr' id='par_1_23' title="bbox 384 3763 1434 3856">
     <span class='ocr_line' id='line_1_29' title="bbox 384 3763 1434 3856; baseline -0.005 -19"><span class='ocrx_word' id='word_1_197' title='bbox 384 3772 522 3837; x_wconf 80' lang='lat' dir='ltr'>nestorii</span> <span class='ocrx_word' id='word_1_198' title='bbox 545 3767 699 3856; x_wconf 76' lang='lat' dir='ltr'>[statum]</span> <span class='ocrx_word' id='word_1_199' title='bbox 723 3786 913 3852; x_wconf 88' lang='lat' dir='ltr'>oppressum</span> <span class='ocrx_word' id='word_1_200' title='bbox 935 3763 1025 3843; x_wconf 85' lang='lat' dir='ltr'>ade0,</span> <span class='ocrx_word' id='word_1_201' title='bbox 1041 3765 1129 3850; x_wconf 91' lang='lat' dir='ltr'>quod</span> <span class='ocrx_word' id='word_1_202' title='bbox 1152 3765 1280 3831; x_wconf 81' lang='lat' dir='ltr'>fructus</span> <span class='ocrx_word' id='word_1_203' title='bbox 1303 3771 1337 3832; x_wconf 88' lang='lat' dir='ltr'>et</span> <span class='ocrx_word' id='word_1_204' title='bbox 1360 3789 1434 3854; x_wconf 91' lang='lat' dir='ltr'>pro·</span> 
     </span>
    </p>

    <p class='ocr_par' dir='ltr' id='par_1_24' title="bbox 385 3865 1579 4056">
     <span class='ocr_line' id='line_1_30' title="bbox 385 3865 1432 3958; baseline -0.003 -21"><span class='ocrx_word' id='word_1_205' title='bbox 385 3880 506 3939; x_wconf 87' lang='lat' dir='ltr'>ventus</span> <span class='ocrx_word' id='word_1_206' title='bbox 529 3871 673 3958; x_wconf 88' lang='lat' dir='ltr'>ejusdem</span> <span class='ocrx_word' id='word_1_207' title='bbox 696 3889 756 3954; x_wconf 86' lang='lat' dir='ltr'>pro</span> <span class='ocrx_word' id='word_1_208' title='bbox 779 3865 1019 3932; x_wconf 67' lang='lat' dir='ltr'>sustentatione</span> <span class='ocrx_word' id='word_1_209' title='bbox 1042 3872 1153 3932; x_wconf 86' lang='lat' dir='ltr'>vestra</span> <span class='ocrx_word' id='word_1_210' title='bbox 1176 3873 1210 3932; x_wconf 89' lang='lat' dir='ltr'>et</span> <span class='ocrx_word' id='word_1_211' title='bbox 1233 3869 1432 3934; x_wconf 89' lang='lat' dir='ltr'>servitorum</span> 
     </span>
     <span class='ocr_line' id='line_1_31' title="bbox 386 3966 1579 4056; baseline -0.003 -17"><span class='ocrx_word' id='word_1_212' title='bbox 386 3981 580 4050; x_wconf 84' lang='lat' dir='ltr'>vestrorum,</span> <span class='ocrx_word' id='word_1_213' title='bbox 595 3993 633 4036; x_wconf 84' lang='lat' dir='ltr'>ac</span> <span class='ocrx_word' id='word_1_214' title='bbox 647 3969 815 4056; x_wconf 85' lang='lat' dir='ltr'>hospitum</span> <span class='ocrx_word' id='word_1_215' title='bbox 830 3967 1017 4054; x_wconf 84' lang='lat' dir='ltr'>receptione</span> <span class='ocrx_word' id='word_1_216' title='bbox 1033 3966 1076 4032; x_wconf 80' lang='lat' dir='ltr'>nd</span> <span class='ocrx_word' id='word_1_217' title='bbox 1092 3967 1180 4032; x_wconf 93' lang='lat' dir='ltr'>idem</span> <span class='ocrx_word' id='word_1_218' title='bbox 1196 3971 1431 4036; x_wconf 79' lang='lat' dir='ltr'>monasterium</span> <span class='ocrx_word' id='word_1_219' title='bbox 1519 4019 1528 4034; x_wconf 92' lang='lat'>.</span> <span class='ocrx_word' id='word_1_220' title='bbox 1574 3999 1579 4006; x_wconf 95' lang='lat'>·</span> 
     </span>
    </p>

    <p class='ocr_par' dir='ltr' id='par_1_25' title="bbox 385 4069 1432 4151">
     <span class='ocr_line' id='line_1_32' title="bbox 385 4069 1432 4151; baseline -0.005 -8"><span class='ocrx_word' id='word_1_221' title='bbox 385 4076 630 4151; x_wconf 86' lang='lat' dir='ltr'>confluentium,</span> <span class='ocrx_word' id='word_1_222' title='bbox 664 4094 739 4139; x_wconf 90' lang='lat' dir='ltr'>cum</span> <span class='ocrx_word' id='word_1_223' title='bbox 769 4069 883 4135; x_wconf 89' lang='lat' dir='ltr'>nullus</span> <span class='ocrx_word' id='word_1_224' title='bbox 914 4069 1004 4135; x_wconf 88' lang='lat' dir='ltr'>locus</span> <span class='ocrx_word' id='word_1_225' title='bbox 1041 4070 1172 4136; x_wconf 87' lang='lat' dir='ltr'>vicinus</span> <span class='ocrx_word' id='word_1_226' title='bbox 1213 4072 1336 4138; x_wconf 79' lang='lat' dir='ltr'>existat</span> <span class='ocrx_word' id='word_1_227' title='bbox 1373 4073 1432 4138; x_wconf 90' lang='lat' dir='ltr'>ubi</span> 
     </span>
    </p>

    <p class='ocr_par' dir='ltr' id='par_1_26' title="bbox 383 4172 1431 4265">
     <span class='ocr_line' id='line_1_33' title="bbox 383 4172 1431 4265; baseline -0.004 -21"><span class='ocrx_word' id='word_1_228' title='bbox 383 4179 484 4265; x_wconf 88' lang='lat' dir='ltr'>recipi</span> <span class='ocrx_word' id='word_1_229' title='bbox 506 4180 663 4263; x_wconf 87' lang='lat' dir='ltr'>poterunt</span> <span class='ocrx_word' id='word_1_230' title='bbox 686 4174 909 4252; x_wconf 88' lang='lat' dir='ltr'>condecenter,</span> <span class='ocrx_word' id='word_1_231' title='bbox 932 4192 1060 4236; x_wconf 87' lang='lat' dir='ltr'>necnon</span> <span class='ocrx_word' id='word_1_232' title='bbox 1083 4177 1118 4237; x_wconf 88' lang='lat' dir='ltr'>et</span> <span class='ocrx_word' id='word_1_233' title='bbox 1142 4172 1216 4238; x_wconf 83' lang='lat' dir='ltr'>aliis</span> <span class='ocrx_word' id='word_1_234' title='bbox 1239 4174 1431 4240; x_wconf 89' lang='lat' dir='ltr'>incumben-</span> 
     </span>
    </p>

    <p class='ocr_par' dir='ltr' id='par_1_27' title="bbox 382 4275 1430 4362">
     <span class='ocr_line' id='line_1_34' title="bbox 382 4275 1430 4362; baseline -0.004 -14"><span class='ocrx_word' id='word_1_235' title='bbox 382 4283 473 4348; x_wconf 87' lang='lat' dir='ltr'>tibus</span> <span class='ocrx_word' id='word_1_236' title='bbox 496 4280 649 4347; x_wconf 87' lang='lat' dir='ltr'>oneribus</span> <span class='ocrx_word' id='word_1_237' title='bbox 671 4278 707 4342; x_wconf 90' lang='lat' dir='ltr'>in</span> <span class='ocrx_word' id='word_1_238' title='bbox 729 4275 844 4342; x_wconf 90' lang='lat' dir='ltr'>eodem</span> <span class='ocrx_word' id='word_1_239' title='bbox 866 4275 1071 4354; x_wconf 81' lang='lat' dir='ltr'>monasterio,</span> <span class='ocrx_word' id='word_1_240' title='bbox 1094 4275 1166 4342; x_wconf 90' lang='lat' dir='ltr'>sine</span> <span class='ocrx_word' id='word_1_241' title='bbox 1200 4278 1340 4362; x_wconf 84' lang='lat' dir='ltr'>penurie</span> <span class='ocrx_word' id='word_1_242' title='bbox 1363 4301 1430 4344; x_wconf 94' lang='lat' dir='ltr'>non</span> 
     </span>
    </p>

    <p class='ocr_par' dir='ltr' id='par_1_28' title="bbox 381 4376 1430 4470">
     <span class='ocr_line' id='line_1_35' title="bbox 381 4376 1430 4470; baseline -0.006 -19"><span class='ocrx_word' id='word_1_243' title='bbox 381 4405 474 4470; x_wconf 88' lang='lat' dir='ltr'>posse</span> <span class='ocrx_word' id='word_1_244' title='bbox 490 4383 643 4458; x_wconf 87' lang='lat' dir='ltr'>sufficere,</span> <span class='ocrx_word' id='word_1_245' title='bbox 667 4385 705 4445; x_wconf 89' lang='lat' dir='ltr'>ut</span> <span class='ocrx_word' id='word_1_246' title='bbox 728 4384 778 4445; x_wconf 89' lang='lat' dir='ltr'>est</span> <span class='ocrx_word' id='word_1_247' title='bbox 792 4382 917 4444; x_wconf 87' lang='lat' dir='ltr'>notum</span> <span class='ocrx_word' id='word_1_248' title='bbox 963 4376 1033 4442; x_wconf 90' lang='lat' dir='ltr'>Nos</span> <span class='ocrx_word' id='word_1_249' title='bbox 1047 4377 1161 4463; x_wconf 76' lang='lat' dir='ltr'>itaque</span> <span class='ocrx_word' id='word_1_250' title='bbox 1175 4379 1335 4465; x_wconf 77' lang='lat' dir='ltr'>regularis</span> <span class='ocrx_word' id='word_1_251' title='bbox 1350 4381 1430 4446; x_wconf 81' lang='lat' dir='ltr'>vitae</span> 
     </span>
    </p>

    <p class='ocr_par' dir='ltr' id='par_1_29' title="bbox 382 4473 1428 4567">
     <span class='ocr_line' id='line_1_36' title="bbox 382 4473 1428 4567; baseline -0.013 -17"><span class='ocrx_word' id='word_1_252' title='bbox 382 4486 597 4560; x_wconf 80' lang='lat' dir='ltr'>honestatem,</span> <span class='ocrx_word' id='word_1_253' title='bbox 628 4480 799 4565; x_wconf 86' lang='lat' dir='ltr'>divinique</span> <span class='ocrx_word' id='word_1_254' title='bbox 832 4478 940 4544; x_wconf 89' lang='lat' dir='ltr'>cultus</span> <span class='ocrx_word' id='word_1_255' title='bbox 971 4473 1164 4558; x_wconf 79' lang='lat' dir='ltr'>fomentirm,</span> <span class='ocrx_word' id='word_1_256' title='bbox 1188 4480 1354 4567; x_wconf 87' lang='lat' dir='ltr'>hospitum</span> <span class='ocrx_word' id='word_1_257' title='bbox 1378 4503 1428 4547; x_wconf 77' lang='lat' dir='ltr'>re.</span> 
     </span>
    </p>

    <p class='ocr_par' dir='ltr' id='par_1_30' title="bbox 381 4580 1430 4672">
     <span class='ocr_line' id='line_1_37' title="bbox 381 4580 1430 4672; baseline -0.003 -20"><span class='ocrx_word' id='word_1_258' title='bbox 381 4585 574 4672; x_wconf 87' lang='lat' dir='ltr'>ceptionem,</span> <span class='ocrx_word' id='word_1_259' title='bbox 598 4588 633 4648; x_wconf 89' lang='lat' dir='ltr'>et</span> <span class='ocrx_word' id='word_1_260' title='bbox 666 4601 848 4668; x_wconf 88' lang='lat' dir='ltr'>pauperum</span> <span class='ocrx_word' id='word_1_261' title='bbox 879 4580 1161 4658; x_wconf 74' lang='lat' dir='ltr'>sustentationem,</span> <span class='ocrx_word' id='word_1_262' title='bbox 1184 4601 1222 4648; x_wconf 91' lang='lat' dir='ltr'>ac</span> <span class='ocrx_word' id='word_1_263' title='bbox 1244 4581 1311 4648; x_wconf 85' lang='lat' dir='ltr'>alis</span> <span class='ocrx_word' id='word_1_264' title='bbox 1332 4604 1430 4670; x_wconf 84' lang='lat' dir='ltr'>opera</span> 
     </span>
    </p>
   </div>
   <div class='ocr_carea' id='block_1_6' title="bbox 0 0 1786 5744">
    <p class='ocr_par' dir='ltr' id='par_1_31' title="bbox 0 0 1786 5744">
     <span class='ocr_line' id='line_1_38' title="bbox 0 0 1786 5744; baseline 0 6"><span class='ocrx_word' id='word_1_265' title='bbox 0 0 1786 5744; x_wconf 95' lang='lat' dir='ltr'> </span> 
     </span>
    </p>
   </div>
  </div>
 </body>
</html>
