<?xml version="1.0" encoding="UTF-8"?>
<!DOCTYPE html PUBLIC "-//W3C//DTD XHTML 1.0 Transitional//EN"
    "http://www.w3.org/TR/xhtml1/DTD/xhtml1-transitional.dtd">
<html xmlns="http://www.w3.org/1999/xhtml" xml:lang="en" lang="en">
 <head>
  <title>
</title>
<meta http-equiv="Content-Type" content="text/html;charset=utf-8" />
  <meta name='ocr-system' content='tesseract 3.04.00' />
  <meta name='ocr-capabilities' content='ocr_page ocr_carea ocr_par ocr_line ocrx_word'/>
</head>
<body>
  <div class='ocr_page' id='page_1' title='image "./registrumpalati00kellgoog_0469.png"; bbox 0 0 3538 5712; ppageno 0'>
   <div class='ocr_carea' id='block_1_1' title="bbox 517 813 1378 879">
    <p class='ocr_par' dir='ltr' id='par_1_1' title="bbox 517 813 1378 879">
     <span class='ocr_line' id='line_1_1' title="bbox 517 813 1378 879; baseline -0.001 -3"><span class='ocrx_word' id='word_1_1' title='bbox 517 825 714 877; x_wconf 65' lang='lat' dir='ltr'><strong>anomaeus</strong></span> <span class='ocrx_word' id='word_1_2' title='bbox 736 823 938 878; x_wconf 69' lang='lat' dir='ltr'><strong>rantum</strong></span> <span class='ocrx_word' id='word_1_3' title='bbox 959 825 1200 879; x_wconf 72' lang='lat' dir='ltr'>DUNRLMENSE.</span> <span class='ocrx_word' id='word_1_4' title='bbox 1292 813 1378 876; x_wconf 81' lang='lat'>1085</span> 
     </span>
    </p>
   </div>
   <div class='ocr_carea' id='block_1_2' title="bbox 165 1009 1531 3630">
    <p class='ocr_par' dir='ltr' id='par_1_2' title="bbox 165 1009 1531 3630">
     <span class='ocr_line' id='line_1_2' title="bbox 165 1009 1531 1120; baseline 0.007 -54"><span class='ocrx_word' id='word_1_5' title='bbox 165 1021 415 1105; x_wconf 56' lang='lat' dir='ltr'><strong>onmem</strong></span> <span class='ocrx_word' id='word_1_6' title='bbox 426 1070 472 1120; x_wconf 83' lang='lat' dir='ltr'><strong>pro</strong></span> <span class='ocrx_word' id='word_1_7' title='bbox 483 1056 611 1107; x_wconf 65' lang='lat' dir='ltr'><strong>masta</strong></span> <span class='ocrx_word' id='word_1_8' title='bbox 693 1009 884 1087; x_wconf 87' lang='lat' dir='ltr'><strong>Edwardus,</strong></span> <span class='ocrx_word' id='word_1_9' title='bbox 907 1009 970 1076; x_wconf 88' lang='lat' dir='ltr'><strong>Dei</strong></span> <span class='ocrx_word' id='word_1_10' title='bbox 1001 1011 1117 1097; x_wconf 71' lang='lat' dir='ltr'><strong>gratia</strong></span> <span class='ocrx_word' id='word_1_11' title='bbox 1150 1028 1208 1076; x_wconf 87' lang='lat' dir='ltr'><strong>rex</strong></span> <span class='ocrx_word' id='word_1_12' title='bbox 1241 1009 1379 1096; x_wconf 82' lang='lat' dir='ltr'><strong>Angliae,</strong></span> <span class='ocrx_word' id='word_1_13' title='bbox 1401 1015 1531 1064; x_wconf 52' lang='grc' dir='ltr'><strong>ΑΒΜ</strong></span> 
     </span>
     <span class='ocr_line' id='line_1_3' title="bbox 333 1077 1523 1198; baseline 0.003 -28"><span class='ocrx_word' id='word_1_14' title='bbox 333 1120 474 1198; x_wconf 62' lang='lat' dir='ltr'><strong>mnenon·</strong></span> <span class='ocrx_word' id='word_1_15' title='bbox 483 1122 612 1174; x_wconf 65' lang='lat' dir='ltr'><strong>oxoniam</strong></span> <span class='ocrx_word' id='word_1_16' title='bbox 644 1110 795 1175; x_wconf 86' lang='lat' dir='ltr'><strong>dominus</strong></span> <span class='ocrx_word' id='word_1_17' title='bbox 817 1110 997 1190; x_wconf 73' lang='lat' dir='ltr'><strong>Hibernia,</strong></span> <span class='ocrx_word' id='word_1_18' title='bbox 1019 1115 1054 1178; x_wconf 85' lang='lat' dir='ltr'><strong>et</strong></span> <span class='ocrx_word' id='word_1_19' title='bbox 1079 1111 1149 1178; x_wconf 87' lang='lat' dir='ltr'><strong>dux</strong></span> <span class='ocrx_word' id='word_1_20' title='bbox 1178 1110 1380 1197; x_wconf 69' lang='lat' dir='ltr'><strong>Aquitania,</strong></span> <span class='ocrx_word' id='word_1_21' title='bbox 1392 1077 1523 1173; x_wconf 48' lang='lat' dir='ltr'><strong>mn</strong></span> 
     </span>
     <span class='ocr_line' id='line_1_4' title="bbox 334 1179 1518 1325; baseline 0.003 -50"><span class='ocrx_word' id='word_1_22' title='bbox 334 1187 410 1238; x_wconf 70' lang='lat' dir='ltr'><strong>aba.</strong></span> <span class='ocrx_word' id='word_1_23' title='bbox 642 1211 822 1278; x_wconf 88' lang='lat' dir='ltr'><strong>venerabili</strong></span> <span class='ocrx_word' id='word_1_24' title='bbox 860 1213 896 1277; x_wconf 96' lang='lat' dir='ltr'><strong>in</strong></span> <span class='ocrx_word' id='word_1_25' title='bbox 933 1213 1066 1280; x_wconf 80' lang='lat' dir='ltr'><strong>Christo</strong></span> <span class='ocrx_word' id='word_1_26' title='bbox 1103 1214 1199 1299; x_wconf 87' lang='lat' dir='ltr'><strong>patri,</strong></span> <span class='ocrx_word' id='word_1_27' title='bbox 1232 1179 1518 1325; x_wconf 49' lang='lat' dir='ltr'><strong>Ricardeffff</strong></span> 
     </span>
     <span class='ocr_line' id='line_1_5' title="bbox 334 1311 1487 1400; baseline 0 -22"><span class='ocrx_word' id='word_1_28' title='bbox 334 1311 447 1378; x_wconf 87' lang='lat' dir='ltr'><strong>eadem</strong></span> <span class='ocrx_word' id='word_1_29' title='bbox 479 1313 594 1399; x_wconf 82' lang='lat' dir='ltr'><strong>gratia,</strong></span> <span class='ocrx_word' id='word_1_30' title='bbox 630 1313 779 1400; x_wconf 88' lang='lat' dir='ltr'><strong>episcopo</strong></span> <span class='ocrx_word' id='word_1_31' title='bbox 813 1313 1039 1390; x_wconf 91' lang='lat' dir='ltr'><strong>Dunolmensi,</strong></span> <span class='ocrx_word' id='word_1_32' title='bbox 1061 1314 1209 1381; x_wconf 86' lang='lat' dir='ltr'><strong>salutem.</strong></span> <span class='ocrx_word' id='word_1_33' title='bbox 1255 1313 1381 1379; x_wconf 86' lang='lat' dir='ltr'><strong>Pluries</strong></span> <span class='ocrx_word' id='word_1_34' title='bbox 1480 1311 1487 1324; x_wconf 82' lang='lat'>‘</span> 
     </span>
     <span class='ocr_line' id='line_1_6' title="bbox 333 1411 1381 1502; baseline 0.003 -25"><span class='ocrx_word' id='word_1_35' title='bbox 333 1411 428 1478; x_wconf 89' lang='lat' dir='ltr'><strong>vobis</strong></span> <span class='ocrx_word' id='word_1_36' title='bbox 450 1414 687 1492; x_wconf 77' lang='lat' dir='ltr'><strong>mandavimus,</strong></span> <span class='ocrx_word' id='word_1_37' title='bbox 711 1415 800 1502; x_wconf 92' lang='lat' dir='ltr'><strong>quod</strong></span> <span class='ocrx_word' id='word_1_38' title='bbox 823 1415 864 1480; x_wconf 92' lang='lat' dir='ltr'><strong>de</strong></span> <span class='ocrx_word' id='word_1_39' title='bbox 895 1414 1039 1480; x_wconf 86' lang='lat' dir='ltr'><strong>denariis</strong></span> <span class='ocrx_word' id='word_1_40' title='bbox 1061 1437 1119 1502; x_wconf 88' lang='lat' dir='ltr'><strong>per</strong></span> <span class='ocrx_word' id='word_1_41' title='bbox 1141 1436 1200 1480; x_wconf 90' lang='lat' dir='ltr'><strong>vos</strong></span> <span class='ocrx_word' id='word_1_42' title='bbox 1223 1414 1381 1494; x_wconf 76' lang='lat' dir='ltr'><strong>levandis,</strong></span> 
     </span>
     <span class='ocr_line' id='line_1_7' title="bbox 333 1512 1381 1582; baseline 0.003 -5"><span class='ocrx_word' id='word_1_43' title='bbox 333 1512 374 1578; x_wconf 92' lang='lat' dir='ltr'><strong>de</strong></span> <span class='ocrx_word' id='word_1_44' title='bbox 411 1514 558 1579; x_wconf 87' lang='lat' dir='ltr'><strong>subsidio</strong></span> <span class='ocrx_word' id='word_1_45' title='bbox 594 1514 783 1582; x_wconf 74' lang='lat' dir='ltr'><strong>medietatis</strong></span> <span class='ocrx_word' id='word_1_46' title='bbox 820 1516 917 1582; x_wconf 88' lang='lat' dir='ltr'><strong>clarae</strong></span> <span class='ocrx_word' id='word_1_47' title='bbox 950 1517 1115 1582; x_wconf 87' lang='lat' dir='ltr'><strong>memoriae</strong></span> <span class='ocrx_word' id='word_1_48' title='bbox 1148 1515 1281 1581; x_wconf 90' lang='lat' dir='ltr'><strong>domino</strong></span> <span class='ocrx_word' id='word_1_49' title='bbox 1315 1515 1381 1580; x_wconf 89' lang='lat' dir='ltr'><strong>Ed·</strong></span> 
     </span>
     <span class='ocr_line' id='line_1_8' title="bbox 334 1615 1379 1703; baseline 0.003 -26"><span class='ocrx_word' id='word_1_50' title='bbox 334 1615 456 1693; x_wconf 85' lang='lat' dir='ltr'><strong>wardo,</strong></span> <span class='ocrx_word' id='word_1_51' title='bbox 490 1615 656 1700; x_wconf 87' lang='lat' dir='ltr'><strong>quondam</strong></span> <span class='ocrx_word' id='word_1_52' title='bbox 693 1618 762 1703; x_wconf 84' lang='lat' dir='ltr'><strong>regi</strong></span> <span class='ocrx_word' id='word_1_53' title='bbox 800 1617 941 1703; x_wconf 82' lang='lat' dir='ltr'><strong>Angliae,</strong></span> <span class='ocrx_word' id='word_1_54' title='bbox 965 1618 1055 1702; x_wconf 86' lang='lat' dir='ltr'><strong>patri</strong></span> <span class='ocrx_word' id='word_1_55' title='bbox 1088 1621 1208 1694; x_wconf 85' lang='lat' dir='ltr'><strong>nostro,</strong></span> <span class='ocrx_word' id='word_1_56' title='bbox 1242 1639 1263 1681; x_wconf 87' lang='lat' dir='ltr'><strong>a</strong></span> <span class='ocrx_word' id='word_1_57' title='bbox 1294 1615 1379 1682; x_wconf 86' lang='lat' dir='ltr'><strong>clero</strong></span> 
     </span>
     <span class='ocr_line' id='line_1_9' title="bbox 332 1714 1379 1803; baseline 0.002 -24"><span class='ocrx_word' id='word_1_58' title='bbox 332 1714 539 1802; x_wconf 89' lang='lat' dir='ltr'><strong>episcopatus</strong></span> <span class='ocrx_word' id='word_1_59' title='bbox 560 1716 711 1803; x_wconf 73' lang='lat' dir='ltr'><strong>praedicti</strong></span> <span class='ocrx_word' id='word_1_60' title='bbox 744 1717 869 1782; x_wconf 90' lang='lat' dir='ltr'><strong>dudum</strong></span> <span class='ocrx_word' id='word_1_61' title='bbox 899 1737 1058 1795; x_wconf 85' lang='lat' dir='ltr'><strong>concesse,</strong></span> <span class='ocrx_word' id='word_1_62' title='bbox 1082 1717 1166 1782; x_wconf 88' lang='lat' dir='ltr'><strong>solvi</strong></span> <span class='ocrx_word' id='word_1_63' title='bbox 1196 1722 1231 1782; x_wconf 90' lang='lat' dir='ltr'><strong>et</strong></span> <span class='ocrx_word' id='word_1_64' title='bbox 1259 1715 1379 1781; x_wconf 89' lang='lat' dir='ltr'><strong>habere</strong></span> 
     </span>
     <span class='ocr_line' id='line_1_10' title="bbox 331 1814 1379 1896; baseline 0 -14"><span class='ocrx_word' id='word_1_65' title='bbox 331 1814 481 1882; x_wconf 70' lang='lat' dir='ltr'><strong>inderetis</strong></span> <span class='ocrx_word' id='word_1_66' title='bbox 496 1817 670 1882; x_wconf 81' lang='lat' dir='ltr'><strong>Fratribus</strong></span> <span class='ocrx_word' id='word_1_67' title='bbox 685 1818 868 1883; x_wconf 81' lang='lat' dir='ltr'><strong>Minoribus</strong></span> <span class='ocrx_word' id='word_1_68' title='bbox 891 1817 1029 1884; x_wconf 81' lang='lat' dir='ltr'><strong>Oxoniae</strong></span> <span class='ocrx_word' id='word_1_69' title='bbox 1052 1818 1163 1883; x_wconf 80' lang='lat' dir='ltr'><strong>decem</strong></span> <span class='ocrx_word' id='word_1_70' title='bbox 1187 1837 1321 1896; x_wconf 81' lang='lat' dir='ltr'><strong>mareas,</strong></span> <span class='ocrx_word' id='word_1_71' title='bbox 1337 1817 1379 1882; x_wconf 90' lang='lat' dir='ltr'><strong>de</strong></span> 
     </span>
     <span class='ocr_line' id='line_1_11' title="bbox 332 1917 1378 2005; baseline 0.002 -25"><span class='ocrx_word' id='word_1_72' title='bbox 332 1917 537 2004; x_wconf 83' lang='lat' dir='ltr'><strong>eleemosyna</strong></span> <span class='ocrx_word' id='word_1_73' title='bbox 567 1924 689 1998; x_wconf 88' lang='lat' dir='ltr'><strong>nostra,</strong></span> <span class='ocrx_word' id='word_1_74' title='bbox 712 1925 747 1984; x_wconf 86' lang='lat' dir='ltr'><strong>et</strong></span> <span class='ocrx_word' id='word_1_75' title='bbox 780 1919 967 2005; x_wconf 86' lang='lat' dir='ltr'><strong>reciperetis</strong></span> <span class='ocrx_word' id='word_1_76' title='bbox 993 1919 1036 1984; x_wconf 85' lang='lat' dir='ltr'><strong>ab</strong></span> <span class='ocrx_word' id='word_1_77' title='bbox 1062 1917 1183 1984; x_wconf 88' lang='lat' dir='ltr'><strong>eisdem</strong></span> <span class='ocrx_word' id='word_1_78' title='bbox 1206 1917 1378 1983; x_wconf 85' lang='lat' dir='ltr'><strong>Fratribus</strong></span> 
     </span>
     <span class='ocr_line' id='line_1_12' title="bbox 330 2017 1377 2100; baseline 0 -18"><span class='ocrx_word' id='word_1_79' title='bbox 330 2017 457 2083; x_wconf 88' lang='lat' dir='ltr'><strong>talliam</strong></span> <span class='ocrx_word' id='word_1_80' title='bbox 489 2019 530 2084; x_wconf 89' lang='lat' dir='ltr'><strong>d&#39;e</strong></span> <span class='ocrx_word' id='word_1_81' title='bbox 562 2019 729 2086; x_wconf 78' lang='lat' dir='ltr'><strong>Scaooario</strong></span> <span class='ocrx_word' id='word_1_82' title='bbox 762 2025 884 2097; x_wconf 89' lang='lat' dir='ltr'><strong>nostro,</strong></span> <span class='ocrx_word' id='word_1_83' title='bbox 918 2020 1052 2084; x_wconf 90' lang='lat' dir='ltr'><strong>nomine</strong></span> <span class='ocrx_word' id='word_1_84' title='bbox 1083 2023 1194 2084; x_wconf 85' lang='lat' dir='ltr'><strong>vestro</strong></span> <span class='ocrx_word' id='word_1_85' title='bbox 1224 2017 1377 2100; x_wconf 78' lang='lat' dir='ltr'><strong>levatam,</strong></span> 
     </span>
     <span class='ocr_line' id='line_1_13' title="bbox 330 2119 1378 2208; baseline 0.002 -24"><span class='ocrx_word' id='word_1_86' title='bbox 330 2140 493 2186; x_wconf 87' lang='lat' dir='ltr'><strong>summam</strong></span> <span class='ocrx_word' id='word_1_87' title='bbox 515 2122 706 2208; x_wconf 77' lang='lat' dir='ltr'><strong>praedictam</strong></span> <span class='ocrx_word' id='word_1_88' title='bbox 729 2123 971 2202; x_wconf 65' lang='lat' dir='ltr'><strong>continentem</strong></span> <span class='ocrx_word' id='word_1_89' title='bbox 993 2121 1034 2188; x_wconf 88' lang='lat' dir='ltr'><strong>de</strong></span> <span class='ocrx_word' id='word_1_90' title='bbox 1057 2142 1122 2206; x_wconf 90' lang='lat' dir='ltr'><strong>quo</strong></span> <span class='ocrx_word' id='word_1_91' title='bbox 1151 2119 1238 2190; x_wconf 88' lang='lat' dir='ltr'><strong>nihil</strong></span> <span class='ocrx_word' id='word_1_92' title='bbox 1266 2119 1378 2186; x_wconf 80' lang='lat' dir='ltr'><strong>hacte-</strong></span> 
     </span>
     <span class='ocr_line' id='line_1_14' title="bbox 331 2215 1379 2305; baseline 0.001 -20"><span class='ocrx_word' id='word_1_93' title='bbox 331 2243 394 2286; x_wconf 88' lang='lat' dir='ltr'><strong>nus</strong></span> <span class='ocrx_word' id='word_1_94' title='bbox 416 2222 520 2288; x_wconf 79' lang='lat' dir='ltr'><strong>facere</strong></span> <span class='ocrx_word' id='word_1_95' title='bbox 550 2224 697 2305; x_wconf 73' lang='lat' dir='ltr'><strong>armastis,</strong></span> <span class='ocrx_word' id='word_1_96' title='bbox 721 2222 809 2288; x_wconf 89' lang='lat' dir='ltr'><strong>unde</strong></span> <span class='ocrx_word' id='word_1_97' title='bbox 837 2223 1049 2288; x_wconf 87' lang='lat' dir='ltr'><strong>vehementer</strong></span> <span class='ocrx_word' id='word_1_98' title='bbox 1078 2215 1287 2286; x_wconf 84' lang='lat' dir='ltr'><strong>admiramur.</strong></span> <span class='ocrx_word' id='word_1_99' title='bbox 1333 2221 1379 2286; x_wconf 85' lang='lat' dir='ltr'><strong>Et</strong></span> 
     </span>
     <span class='ocr_line' id='line_1_15' title="bbox 331 2311 1378 2409; baseline 0.002 -23"><span class='ocrx_word' id='word_1_100' title='bbox 331 2321 405 2388; x_wconf 88' lang='lat' dir='ltr'><strong>ideo</strong></span> <span class='ocrx_word' id='word_1_101' title='bbox 427 2323 523 2390; x_wconf 89' lang='lat' dir='ltr'><strong>vobis</strong></span> <span class='ocrx_word' id='word_1_102' title='bbox 538 2324 742 2401; x_wconf 88' lang='lat' dir='ltr'><strong>mandamus,</strong></span> <span class='ocrx_word' id='word_1_103' title='bbox 757 2311 845 2390; x_wconf 79' lang='lat' dir='ltr'><strong>sicut</strong></span> <span class='ocrx_word' id='word_1_104' title='bbox 858 2323 991 2409; x_wconf 89' lang='lat' dir='ltr'><strong>pluries,</strong></span> <span class='ocrx_word' id='word_1_105' title='bbox 1006 2323 1145 2388; x_wconf 87' lang='lat' dir='ltr'><strong>firmiter</strong></span> <span class='ocrx_word' id='word_1_106' title='bbox 1158 2322 1378 2408; x_wconf 84' lang='lat' dir='ltr'><strong>injungentes,</strong></span> 
     </span>
     <span class='ocr_line' id='line_1_16' title="bbox 332 2423 1378 2511; baseline 0.001 -24"><span class='ocrx_word' id='word_1_107' title='bbox 332 2424 429 2508; x_wconf 92' lang='lat' dir='ltr'><strong>quod,</strong></span> <span class='ocrx_word' id='word_1_108' title='bbox 450 2424 491 2489; x_wconf 93' lang='lat' dir='ltr'><strong>de</strong></span> <span class='ocrx_word' id='word_1_109' title='bbox 514 2425 630 2511; x_wconf 85' lang='lat' dir='ltr'><strong>primis</strong></span> <span class='ocrx_word' id='word_1_110' title='bbox 659 2424 802 2490; x_wconf 85' lang='lat' dir='ltr'><strong>donariis</strong></span> <span class='ocrx_word' id='word_1_111' title='bbox 824 2445 884 2511; x_wconf 90' lang='lat' dir='ltr'><strong>per</strong></span> <span class='ocrx_word' id='word_1_112' title='bbox 912 2445 972 2490; x_wconf 90' lang='lat' dir='ltr'><strong>vos</strong></span> <span class='ocrx_word' id='word_1_113' title='bbox 997 2423 1147 2490; x_wconf 85' lang='lat' dir='ltr'><strong>levandis</strong></span> <span class='ocrx_word' id='word_1_114' title='bbox 1169 2424 1211 2489; x_wconf 92' lang='lat' dir='ltr'><strong>de</strong></span> <span class='ocrx_word' id='word_1_115' title='bbox 1233 2424 1378 2488; x_wconf 86' lang='lat' dir='ltr'><strong>subsidio</strong></span> 
     </span>
     <span class='ocr_line' id='line_1_17' title="bbox 331 2524 1378 2611; baseline -0.001 -21"><span class='ocrx_word' id='word_1_116' title='bbox 331 2524 496 2611; x_wconf 82' lang='lat' dir='ltr'><strong>praedieto,</strong></span> <span class='ocrx_word' id='word_1_117' title='bbox 518 2525 602 2590; x_wconf 91' lang='lat' dir='ltr'><strong>solvi</strong></span> <span class='ocrx_word' id='word_1_118' title='bbox 625 2531 660 2591; x_wconf 91' lang='lat' dir='ltr'><strong>et</strong></span> <span class='ocrx_word' id='word_1_119' title='bbox 693 2525 812 2591; x_wconf 86' lang='lat' dir='ltr'><strong>habere</strong></span> <span class='ocrx_word' id='word_1_120' title='bbox 846 2524 975 2592; x_wconf 84' lang='lat' dir='ltr'><strong>faciatis</strong></span> <span class='ocrx_word' id='word_1_121' title='bbox 1005 2525 1171 2611; x_wconf 80' lang='lat' dir='ltr'><strong>praedictis</strong></span> <span class='ocrx_word' id='word_1_122' title='bbox 1205 2524 1378 2593; x_wconf 82' lang='lat' dir='ltr'><strong>Fratribus</strong></span> 
     </span>
     <span class='ocr_line' id='line_1_18' title="bbox 331 2625 1377 2712; baseline 0.001 -23"><span class='ocrx_word' id='word_1_123' title='bbox 331 2625 442 2690; x_wconf 87' lang='lat' dir='ltr'><strong>deosm</strong></span> <span class='ocrx_word' id='word_1_124' title='bbox 464 2647 590 2692; x_wconf 85' lang='lat' dir='ltr'><strong>marcas</strong></span> <span class='ocrx_word' id='word_1_125' title='bbox 611 2626 796 2712; x_wconf 68' lang='lat' dir='ltr'><strong>predictas,</strong></span> <span class='ocrx_word' id='word_1_126' title='bbox 820 2647 888 2692; x_wconf 90' lang='lat' dir='ltr'><strong>non</strong></span> <span class='ocrx_word' id='word_1_127' title='bbox 911 2626 1065 2692; x_wconf 81' lang='lat' dir='ltr'><strong>obstante</strong></span> <span class='ocrx_word' id='word_1_128' title='bbox 1086 2626 1198 2712; x_wconf 81' lang='lat' dir='ltr'><strong>aliquo</strong></span> <span class='ocrx_word' id='word_1_129' title='bbox 1221 2626 1377 2690; x_wconf 85' lang='lat' dir='ltr'><strong>mandato</strong></span> 
     </span>
     <span class='ocr_line' id='line_1_19' title="bbox 331 2725 1377 2813; baseline 0.001 -24"><span class='ocrx_word' id='word_1_130' title='bbox 331 2731 452 2803; x_wconf 87' lang='lat' dir='ltr'><strong>nostro,</strong></span> <span class='ocrx_word' id='word_1_131' title='bbox 483 2727 575 2813; x_wconf 89' lang='lat' dir='ltr'><strong>prius</strong></span> <span class='ocrx_word' id='word_1_132' title='bbox 606 2727 701 2792; x_wconf 88' lang='lat' dir='ltr'><strong>vobis</strong></span> <span class='ocrx_word' id='word_1_133' title='bbox 732 2726 868 2808; x_wconf 89' lang='lat' dir='ltr'><strong>directo,</strong></span> <span class='ocrx_word' id='word_1_134' title='bbox 892 2727 934 2792; x_wconf 91' lang='lat' dir='ltr'><strong>de</strong></span> <span class='ocrx_word' id='word_1_135' title='bbox 965 2725 1128 2792; x_wconf 86' lang='lat' dir='ltr'><strong>solutione</strong></span> <span class='ocrx_word' id='word_1_136' title='bbox 1159 2726 1271 2812; x_wconf 86' lang='lat' dir='ltr'><strong>aliqua</strong></span> <span class='ocrx_word' id='word_1_137' title='bbox 1299 2727 1377 2791; x_wconf 92' lang='lat' dir='ltr'><strong>inde</strong></span> 
     </span>
     <span class='ocr_line' id='line_1_20' title="bbox 330 2826 1376 2914; baseline 0.001 -22"><span class='ocrx_word' id='word_1_138' title='bbox 330 2828 482 2894; x_wconf 73' lang='lat' dir='ltr'><strong>ludenda</strong></span> <span class='ocrx_word' id='word_1_139' title='bbox 513 2828 655 2894; x_wconf 83' lang='lat' dir='ltr'><strong>Ricardo</strong></span> <span class='ocrx_word' id='word_1_140' title='bbox 681 2829 722 2893; x_wconf 91' lang='lat' dir='ltr'><strong>de</strong></span> <span class='ocrx_word' id='word_1_141' title='bbox 752 2827 964 2914; x_wconf 87' lang='lat' dir='ltr'><strong>Brightwell’,</strong></span> <span class='ocrx_word' id='word_1_142' title='bbox 987 2849 1045 2892; x_wconf 89' lang='lat' dir='ltr'><strong>seu</strong></span> <span class='ocrx_word' id='word_1_143' title='bbox 1075 2826 1149 2892; x_wconf 86' lang='lat' dir='ltr'><strong>aliis</strong></span> <span class='ocrx_word' id='word_1_144' title='bbox 1178 2827 1376 2912; x_wconf 84' lang='lat' dir='ltr'><strong>quibuscun-</strong></span> 
     </span>
     <span class='ocr_line' id='line_1_21' title="bbox 331 2929 1378 3017; baseline -0.001 -24"><span class='ocrx_word' id='word_1_145' title='bbox 331 2950 394 3013; x_wconf 92' lang='lat' dir='ltr'><strong>que</strong></span> <span class='ocrx_word' id='word_1_146' title='bbox 405 2952 414 3010; x_wconf 90' lang='lat'>;</span> <span class='ocrx_word' id='word_1_147' title='bbox 437 2930 630 3017; x_wconf 79' lang='lat' dir='ltr'><strong>recipientes</strong></span> <span class='ocrx_word' id='word_1_148' title='bbox 652 2930 694 2994; x_wconf 88' lang='lat' dir='ltr'><strong>ab</strong></span> <span class='ocrx_word' id='word_1_149' title='bbox 717 2929 841 2994; x_wconf 90' lang='lat' dir='ltr'><strong>eisdem</strong></span> <span class='ocrx_word' id='word_1_150' title='bbox 863 2929 1045 3010; x_wconf 62' lang='lat' dir='ltr'><strong>Fratribus,</strong></span> <span class='ocrx_word' id='word_1_151' title='bbox 1063 2929 1116 2993; x_wconf 92' lang='lat' dir='ltr'><strong>vel</strong></span> <span class='ocrx_word' id='word_1_152' title='bbox 1138 2949 1250 2994; x_wconf 89' lang='lat' dir='ltr'><strong>eorum</strong></span> <span class='ocrx_word' id='word_1_153' title='bbox 1272 2933 1378 2993; x_wconf 90' lang='lat' dir='ltr'><strong>attor-</strong></span> 
     </span>
     <span class='ocr_line' id='line_1_22' title="bbox 329 3025 1377 3117; baseline -0.002 -22"><span class='ocrx_word' id='word_1_154' title='bbox 329 3035 419 3109; x_wconf 87' lang='lat' dir='ltr'><strong>nato,</strong></span> <span class='ocrx_word' id='word_1_155' title='bbox 451 3031 576 3096; x_wconf 85' lang='lat' dir='ltr'><strong>talliam</strong></span> <span class='ocrx_word' id='word_1_156' title='bbox 614 3029 826 3117; x_wconf 82' lang='lat' dir='ltr'><strong>praediotam;</strong></span> <span class='ocrx_word' id='word_1_157' title='bbox 859 3051 918 3117; x_wconf 91' lang='lat' dir='ltr'><strong>per</strong></span> <span class='ocrx_word' id='word_1_158' title='bbox 951 3025 1050 3116; x_wconf 88' lang='lat' dir='ltr'><strong>quain</strong></span> <span class='ocrx_word' id='word_1_159' title='bbox 1072 3029 1212 3116; x_wconf 87' lang='lat' dir='ltr'><strong>priorem</strong></span> <span class='ocrx_word' id='word_1_160' title='bbox 1250 3029 1377 3094; x_wconf 91' lang='lat' dir='ltr'><strong>Dunol-</strong></span> 
     </span>
     <span class='ocr_line' id='line_1_23' title="bbox 330 3121 1376 3217; baseline 0 -23"><span class='ocrx_word' id='word_1_161' title='bbox 330 3151 483 3208; x_wconf 87' lang='lat' dir='ltr'><strong>mensem,</strong></span> <span class='ocrx_word' id='word_1_162' title='bbox 505 3131 708 3198; x_wconf 84' lang='lat' dir='ltr'><strong>collectorem</strong></span> <span class='ocrx_word' id='word_1_163' title='bbox 731 3131 870 3196; x_wconf 88' lang='lat' dir='ltr'><strong>subsidii</strong></span> <span class='ocrx_word' id='word_1_164' title='bbox 900 3130 1057 3217; x_wconf 79' lang='lat' dir='ltr'><strong>praedicti,</strong></span> <span class='ocrx_word' id='word_1_165' title='bbox 1087 3131 1123 3196; x_wconf 91' lang='lat' dir='ltr'><strong>in</strong></span> <span class='ocrx_word' id='word_1_166' title='bbox 1145 3135 1294 3216; x_wconf 88' lang='lat' dir='ltr'><strong>compoto</strong></span> <span class='ocrx_word' id='word_1_167' title='bbox 1316 3121 1376 3195; x_wconf 89' lang='lat' dir='ltr'><strong>suo</strong></span> 
     </span>
     <span class='ocr_line' id='line_1_24' title="bbox 329 3231 1376 3311; baseline -0.001 -14"><span class='ocrx_word' id='word_1_168' title='bbox 329 3232 372 3298; x_wconf 87' lang='lat' dir='ltr'><strong>ad</strong></span> <span class='ocrx_word' id='word_1_169' title='bbox 404 3232 609 3299; x_wconf 83' lang='lat' dir='ltr'><strong>Seecearium</strong></span> <span class='ocrx_word' id='word_1_170' title='bbox 647 3236 808 3311; x_wconf 87' lang='lat' dir='ltr'><strong>nostrum,</strong></span> <span class='ocrx_word' id='word_1_171' title='bbox 846 3231 994 3298; x_wconf 82' lang='lat' dir='ltr'><strong>debitam</strong></span> <span class='ocrx_word' id='word_1_172' title='bbox 1028 3231 1106 3296; x_wconf 91' lang='lat' dir='ltr'><strong>inde</strong></span> <span class='ocrx_word' id='word_1_173' title='bbox 1149 3231 1376 3297; x_wconf 85' lang='lat' dir='ltr'><strong>allocationem</strong></span> 
     </span>
     <span class='ocr_line' id='line_1_25' title="bbox 327 3332 1376 3411; baseline -0.002 -13"><span class='ocrx_word' id='word_1_174' title='bbox 327 3333 450 3399; x_wconf 89' lang='lat' dir='ltr'><strong>habere</strong></span> <span class='ocrx_word' id='word_1_175' title='bbox 473 3333 637 3400; x_wconf 87' lang='lat' dir='ltr'><strong>faciemus.</strong></span> <span class='ocrx_word' id='word_1_176' title='bbox 684 3334 789 3411; x_wconf 82' lang='lat' dir='ltr'><strong>Teste,</strong></span> <span class='ocrx_word' id='word_1_177' title='bbox 821 3333 870 3398; x_wconf 91' lang='lat' dir='ltr'><strong>W.</strong></span> <span class='ocrx_word' id='word_1_178' title='bbox 901 3334 942 3398; x_wconf 92' lang='lat' dir='ltr'><strong>de</strong></span> <span class='ocrx_word' id='word_1_179' title='bbox 978 3332 1140 3410; x_wconf 86' lang='lat' dir='ltr'><strong>Norwioo,</strong></span> <span class='ocrx_word' id='word_1_180' title='bbox 1173 3332 1376 3398; x_wconf 83' lang='lat' dir='ltr'><strong>thesaurario</strong></span> 
     </span>
     <span class='ocr_line' id='line_1_26' title="bbox 329 3432 1376 3523; baseline -0.003 -23"><span class='ocrx_word' id='word_1_181' title='bbox 329 3440 449 3513; x_wconf 87' lang='lat' dir='ltr'><strong>nostro,</strong></span> <span class='ocrx_word' id='word_1_182' title='bbox 481 3435 570 3523; x_wconf 86' lang='lat' dir='ltr'><strong>apud</strong></span> <span class='ocrx_word' id='word_1_183' title='bbox 603 3433 942 3512; x_wconf 79' lang='lat' dir='ltr'><strong>westmonasterium,</strong></span> <span class='ocrx_word' id='word_1_184' title='bbox 965 3433 1043 3520; x_wconf 87' lang='lat' dir='ltr'><strong>iiij0.</strong></span> <span class='ocrx_word' id='word_1_185' title='bbox 1076 3433 1130 3498; x_wconf 89' lang='lat' dir='ltr'><strong>die</strong></span> <span class='ocrx_word' id='word_1_186' title='bbox 1151 3432 1257 3511; x_wconf 82' lang='lat' dir='ltr'><strong>Junii,</strong></span> <span class='ocrx_word' id='word_1_187' title='bbox 1289 3454 1376 3498; x_wconf 89' lang='lat' dir='ltr'><strong>anno</strong></span> 
     </span>
     <span class='ocr_line' id='line_1_27' title="bbox 329 3534 1346 3630; baseline -0.001 -27"><span class='ocrx_word' id='word_1_188' title='bbox 329 3538 424 3624; x_wconf 77' lang='lat' dir='ltr'><strong>regni</strong></span> <span class='ocrx_word' id='word_1_189' title='bbox 446 3537 551 3602; x_wconf 88' lang='lat' dir='ltr'><strong>nostri</strong></span> <span class='ocrx_word' id='word_1_190' title='bbox 573 3536 810 3604; x_wconf 81' lang='lat' dir='ltr'><strong>octavo-Per</strong></span> <span class='ocrx_word' id='word_1_191' title='bbox 832 3557 933 3602; x_wconf 88' lang='lat' dir='ltr'><strong>unam</strong></span> <span class='ocrx_word' id='word_1_192' title='bbox 955 3534 1083 3630; x_wconf 84' lang='lat' dir='ltr'><strong>talliam</strong></span> <span class='ocrx_word' id='word_1_193' title='bbox 1106 3535 1148 3600; x_wconf 90' lang='lat' dir='ltr'><strong>de</strong></span> <span class='ocrx_word' id='word_1_194' title='bbox 1170 3535 1346 3602; x_wconf 86' lang='lat' dir='ltr'><strong>Scaooario.</strong></span> 
     </span>
    </p>
   </div>
   <div class='ocr_carea' id='block_1_3' title="bbox 331 3732 1544 3848">
    <p class='ocr_par' dir='ltr' id='par_1_3' title="bbox 331 3732 1544 3848">
     <span class='ocr_line' id='line_1_28' title="bbox 331 3732 1544 3848; baseline -0.003 -47"><span class='ocrx_word' id='word_1_195' title='bbox 331 3782 593 3848; x_wconf 62' lang='lat' dir='ltr'><strong>Breveprolumuae</strong></span> <span class='ocrx_word' id='word_1_196' title='bbox 670 3735 863 3814; x_wconf 85' lang='lat' dir='ltr'><strong>Edwardus,</strong></span> <span class='ocrx_word' id='word_1_197' title='bbox 886 3735 949 3801; x_wconf 87' lang='lat' dir='ltr'><strong>Dei</strong></span> <span class='ocrx_word' id='word_1_198' title='bbox 970 3734 1088 3822; x_wconf 80' lang='lat' dir='ltr'><strong>gratia,</strong></span> <span class='ocrx_word' id='word_1_199' title='bbox 1110 3737 1179 3812; x_wconf 85' lang='lat' dir='ltr'><strong>etc,</strong></span> <span class='ocrx_word' id='word_1_200' title='bbox 1195 3732 1375 3800; x_wconf 81' lang='lat' dir='ltr'><strong>venerabili</strong></span> <span class='ocrx_word' id='word_1_201' title='bbox 1387 3743 1485 3839; x_wconf 43' lang='grc' dir='ltr'><strong>Ἦ,</strong></span> <span class='ocrx_word' id='word_1_202' title='bbox 1506 3757 1544 3844; x_wconf 43' lang='lat'><strong>5⁸,</strong></span> 
     </span>
    </p>
   </div>
   <div class='ocr_carea' id='block_1_4' title="bbox 329 3835 1534 4736">
    <p class='ocr_par' dir='ltr' id='par_1_4' title="bbox 329 3835 1534 4736">
     <span class='ocr_line' id='line_1_29' title="bbox 330 3835 1522 3939; baseline 0.003 -41"><span class='ocrx_word' id='word_1_203' title='bbox 330 3847 593 3900; x_wconf 72' lang='lat' dir='ltr'><strong>fuitum-Iohannis</strong></span> <span class='ocrx_word' id='word_1_204' title='bbox 626 3838 661 3902; x_wconf 87' lang='lat' dir='ltr'><strong>in</strong></span> <span class='ocrx_word' id='word_1_205' title='bbox 684 3837 818 3904; x_wconf 63' lang='lat' dir='ltr'><strong>Christo</strong></span> <span class='ocrx_word' id='word_1_206' title='bbox 841 3836 936 3924; x_wconf 67' lang='lat' dir='ltr'><strong>periri,</strong></span> <span class='ocrx_word' id='word_1_207' title='bbox 960 3835 1109 3913; x_wconf 70' lang='lat' dir='ltr'><strong>ledo,</strong></span> <span class='ocrx_word' id='word_1_208' title='bbox 1123 3835 1236 3901; x_wconf 63' lang='lat' dir='ltr'><strong>eadem</strong></span> <span class='ocrx_word' id='word_1_209' title='bbox 1258 3835 1375 3922; x_wconf 51' lang='lat' dir='ltr'><strong>grabi&amp;</strong></span> <span class='ocrx_word' id='word_1_210' title='bbox 1387 3845 1522 3939; x_wconf 50' lang='lat' dir='ltr'><strong>mim</strong></span> 
     </span>
     <span class='ocr_line' id='line_1_30' title="bbox 331 3914 1534 4025; baseline -0.004 -21"><span class='ocrx_word' id='word_1_211' title='bbox 331 3914 576 3965; x_wconf 50' lang='lat' dir='ltr'><strong>&#39;‘mmuh’‘</strong></span> <span class='ocrx_word' id='word_1_212' title='bbox 627 3939 778 4025; x_wconf 86' lang='lat' dir='ltr'><strong>episeopo</strong></span> <span class='ocrx_word' id='word_1_213' title='bbox 827 3937 1052 4015; x_wconf 89' lang='lat' dir='ltr'><strong>Dunolmensi,</strong></span> <span class='ocrx_word' id='word_1_214' title='bbox 1100 3936 1251 4002; x_wconf 88' lang='lat' dir='ltr'><strong>salutem.</strong></span> <span class='ocrx_word' id='word_1_215' title='bbox 1323 3936 1534 4000; x_wconf 65' lang='lat' dir='ltr'><strong>Exuumeeua</strong></span> 
     </span>
     <span class='ocr_line' id='line_1_31' title="bbox 329 4037 1376 4127; baseline -0.003 -23"><span class='ocrx_word' id='word_1_216' title='bbox 329 4041 422 4127; x_wconf 80' lang='lat' dir='ltr'><strong>gravi</strong></span> <span class='ocrx_word' id='word_1_217' title='bbox 455 4041 588 4126; x_wconf 84' lang='lat' dir='ltr'><strong>querela</strong></span> <span class='ocrx_word' id='word_1_218' title='bbox 618 4041 696 4119; x_wconf 83' lang='lat' dir='ltr'><strong>Idae,</strong></span> <span class='ocrx_word' id='word_1_219' title='bbox 731 4061 805 4126; x_wconf 83' lang='lat' dir='ltr'><strong>quse</strong></span> <span class='ocrx_word' id='word_1_220' title='bbox 836 4039 903 4104; x_wconf 85' lang='lat' dir='ltr'><strong>fuit</strong></span> <span class='ocrx_word' id='word_1_221' title='bbox 935 4059 1020 4104; x_wconf 87' lang='lat' dir='ltr'><strong>uxor</strong></span> <span class='ocrx_word' id='word_1_222' title='bbox 1053 4037 1216 4105; x_wconf 65' lang='lat' dir='ltr'><strong>«lobannis</strong></span> <span class='ocrx_word' id='word_1_223' title='bbox 1259 4038 1291 4102; x_wconf 90' lang='lat' dir='ltr'><strong>le</strong></span> <span class='ocrx_word' id='word_1_224' title='bbox 1332 4037 1376 4102; x_wconf 79' lang='lat' dir='ltr'><strong>fin</strong></span> 
     </span>
     <span class='ocr_line' id='line_1_32' title="bbox 330 4139 1377 4228; baseline -0.003 -21"><span class='ocrx_word' id='word_1_225' title='bbox 330 4141 547 4221; x_wconf 86' lang='lat' dir='ltr'><strong>Marmaduk&#39;,</strong></span> <span class='ocrx_word' id='word_1_226' title='bbox 586 4142 777 4228; x_wconf 84' lang='lat' dir='ltr'><strong>accepimus,</strong></span> <span class='ocrx_word' id='word_1_227' title='bbox 811 4141 899 4226; x_wconf 90' lang='lat' dir='ltr'><strong>quod</strong></span> <span class='ocrx_word' id='word_1_228' title='bbox 937 4161 1011 4206; x_wconf 89' lang='lat' dir='ltr'><strong>eum</strong></span> <span class='ocrx_word' id='word_1_229' title='bbox 1049 4139 1130 4226; x_wconf 86' lang='lat' dir='ltr'><strong>ipsa,</strong></span> <span class='ocrx_word' id='word_1_230' title='bbox 1163 4159 1268 4225; x_wconf 87' lang='lat' dir='ltr'><strong>nuper</strong></span> <span class='ocrx_word' id='word_1_231' title='bbox 1301 4143 1377 4226; x_wconf 90' lang='lat' dir='ltr'><strong>post</strong></span> 
     </span>
     <span class='ocr_line' id='line_1_33' title="bbox 330 4240 1376 4329; baseline -0.004 -21"><span class='ocrx_word' id='word_1_232' title='bbox 330 4250 467 4310; x_wconf 88' lang='lat' dir='ltr'><strong>mortem</strong></span> <span class='ocrx_word' id='word_1_233' title='bbox 505 4243 655 4329; x_wconf 83' lang='lat' dir='ltr'><strong>praedicti</strong></span> <span class='ocrx_word' id='word_1_234' title='bbox 692 4242 863 4320; x_wconf 85' lang='lat' dir='ltr'><strong>Johennis,</strong></span> <span class='ocrx_word' id='word_1_235' title='bbox 893 4241 935 4306; x_wconf 84' lang='lat' dir='ltr'><strong>de</strong></span> <span class='ocrx_word' id='word_1_236' title='bbox 972 4240 1170 4326; x_wconf 87' lang='lat' dir='ltr'><strong>quibusdam</strong></span> <span class='ocrx_word' id='word_1_237' title='bbox 1207 4240 1305 4306; x_wconf 90' lang='lat' dir='ltr'><strong>terris</strong></span> <span class='ocrx_word' id='word_1_238' title='bbox 1341 4244 1376 4305; x_wconf 89' lang='lat' dir='ltr'><strong>et</strong></span> 
     </span>
     <span class='ocr_line' id='line_1_34' title="bbox 329 4341 1376 4422; baseline -0.006 -11"><span class='ocrx_word' id='word_1_239' title='bbox 329 4344 536 4422; x_wconf 82' lang='lat' dir='ltr'><strong>tenementis,</strong></span> <span class='ocrx_word' id='word_1_240' title='bbox 558 4344 645 4408; x_wconf 81' lang='lat' dir='ltr'><strong>inira</strong></span> <span class='ocrx_word' id='word_1_241' title='bbox 668 4343 855 4409; x_wconf 82' lang='lat' dir='ltr'><strong>libertatem</strong></span> <span class='ocrx_word' id='word_1_242' title='bbox 878 4346 1022 4408; x_wconf 90' lang='lat' dir='ltr'><strong>vestram</strong></span> <span class='ocrx_word' id='word_1_243' title='bbox 1045 4341 1311 4420; x_wconf 89' lang='lat' dir='ltr'><strong>Dunolmensem,</strong></span> <span class='ocrx_word' id='word_1_244' title='bbox 1335 4345 1376 4406; x_wconf 93' lang='lat' dir='ltr'><strong>ut</strong></span> 
     </span>
     <span class='ocr_line' id='line_1_35' title="bbox 331 4442 1375 4532; baseline -0.003 -21"><span class='ocrx_word' id='word_1_245' title='bbox 331 4448 373 4512; x_wconf 89' lang='lat' dir='ltr'><strong>de</strong></span> <span class='ocrx_word' id='word_1_246' title='bbox 395 4447 473 4512; x_wconf 87' lang='lat' dir='ltr'><strong>dote</strong></span> <span class='ocrx_word' id='word_1_247' title='bbox 494 4447 610 4532; x_wconf 87' lang='lat' dir='ltr'><strong>ipsam,</strong></span> <span class='ocrx_word' id='word_1_248' title='bbox 625 4445 666 4510; x_wconf 90' lang='lat' dir='ltr'><strong>de</strong></span> <span class='ocrx_word' id='word_1_249' title='bbox 687 4444 797 4510; x_wconf 89' lang='lat' dir='ltr'><strong>libero·</strong></span> <span class='ocrx_word' id='word_1_250' title='bbox 815 4449 1003 4510; x_wconf 85' lang='lat' dir='ltr'><strong>tenemento</strong></span> <span class='ocrx_word' id='word_1_251' title='bbox 1025 4443 1113 4529; x_wconf 92' lang='lat' dir='ltr'><strong>quod</strong></span> <span class='ocrx_word' id='word_1_252' title='bbox 1135 4443 1203 4508; x_wconf 86' lang='lat' dir='ltr'><strong>fuit</strong></span> <span class='ocrx_word' id='word_1_253' title='bbox 1224 4442 1375 4530; x_wconf 71' lang='lat' dir='ltr'><strong>praedicti</strong></span> 
     </span>
     <span class='ocr_line' id='line_1_36' title="bbox 330 4544 1375 4631; baseline -0.004 -20"><span class='ocrx_word' id='word_1_254' title='bbox 330 4547 500 4624; x_wconf 87' lang='lat' dir='ltr'><strong>Johannis,</strong></span> <span class='ocrx_word' id='word_1_255' title='bbox 523 4546 685 4631; x_wconf 88' lang='lat' dir='ltr'><strong>quondam</strong></span> <span class='ocrx_word' id='word_1_256' title='bbox 717 4544 780 4609; x_wconf 90' lang='lat' dir='ltr'><strong>viri</strong></span> <span class='ocrx_word' id='word_1_257' title='bbox 810 4545 870 4622; x_wconf 89' lang='lat' dir='ltr'><strong>sui,</strong></span> <span class='ocrx_word' id='word_1_258' title='bbox 892 4544 1110 4631; x_wconf 83' lang='lat' dir='ltr'><strong>contingente,</strong></span> <span class='ocrx_word' id='word_1_259' title='bbox 1132 4565 1191 4630; x_wconf 89' lang='lat' dir='ltr'><strong>per</strong></span> <span class='ocrx_word' id='word_1_260' title='bbox 1218 4565 1375 4631; x_wconf 79' lang='lat' dir='ltr'><strong>magnum</strong></span> 
     </span>
     <span class='ocr_line' id='line_1_37' title="bbox 329 4645 1374 4736; baseline -0.002 -21"><span class='ocrx_word' id='word_1_261' title='bbox 329 4655 460 4736; x_wconf 88' lang='lat' dir='ltr'><strong>tempus</strong></span> <span class='ocrx_word' id='word_1_262' title='bbox 482 4647 603 4726; x_wconf 82' lang='lat' dir='ltr'><strong>saisita,</strong></span> <span class='ocrx_word' id='word_1_263' title='bbox 619 4653 654 4714; x_wconf 91' lang='lat' dir='ltr'><strong>et</strong></span> <span class='ocrx_word' id='word_1_264' title='bbox 668 4647 877 4735; x_wconf 89' lang='lat' dir='ltr'><strong>postmodum</strong></span> <span class='ocrx_word' id='word_1_265' title='bbox 900 4646 941 4712; x_wconf 92' lang='lat' dir='ltr'><strong>de</strong></span> <span class='ocrx_word' id='word_1_266' title='bbox 963 4646 1085 4712; x_wconf 88' lang='lat' dir='ltr'><strong>eisdem</strong></span> <span class='ocrx_word' id='word_1_267' title='bbox 1107 4645 1204 4712; x_wconf 87' lang='lat' dir='ltr'><strong>terris</strong></span> <span class='ocrx_word' id='word_1_268' title='bbox 1227 4650 1263 4711; x_wconf 91' lang='lat' dir='ltr'><strong>et</strong></span> <span class='ocrx_word' id='word_1_269' title='bbox 1283 4649 1374 4713; x_wconf 89' lang='lat' dir='ltr'><strong>tene·</strong></span> 
     </span>
    </p>
   </div>
   <div class='ocr_carea' id='block_1_5' title="bbox 0 0 1774 5712">
    <p class='ocr_par' dir='ltr' id='par_1_5' title="bbox 0 0 1774 5712">
     <span class='ocr_line' id='line_1_38' title="bbox 0 0 1774 5712; baseline 0 2"><span class='ocrx_word' id='word_1_270' title='bbox 0 0 1774 5712; x_wconf 95' lang='lat' dir='ltr'><strong> </strong></span> 
     </span>
    </p>
   </div>
  </div>
 </body>
</html>
