3562 5714
417 791 482 858 954
597 801 796 856 ereremum
818 799 1020 853 ramrrruu
1042 801 1284 852 nurmunrsn

265 985 386 1054 anisa
415 993 559 1061 ecclesia
588 991 762 1080 predicta,
798 991 1018 1070 defendentes,
1054 990 1095 1055 de
1125 987 1195 1068 hoc,
1230 990 1318 1075 quod
1355 989 1465 1076 ipsum
1474 1007 1636 1063 cananea

416 1095 621 1183 Stephanum
659 1095 849 1180 acquietent
885 1113 999 1161 versus
1035 1113 1095 1158 nos
1133 1091 1175 1157 de
1213 1091 1294 1176 xliij.
1313 1090 1359 1171 li,
1390 1111 1464 1176 quae

415 1199 512 1264 nobis
535 1197 697 1263 debentur
720 1195 760 1261 de
782 1195 918 1262 ecclesia
940 1193 1106 1281 praediete,
1131 1193 1172 1258 de
1194 1193 1341 1258 subsidio
1363 1193 1465 1257 medi-

416 1300 497 1367 etat'
488 1321 517 1364 rs
472 1298 682 1365 tdomino
717 1297 890 1375 Eduardo,
913 1295 1078 1383 quondam
1111 1295 1181 1382 regi
1212 1294 1354 1382 Ahgliae,
1377 1293 1466 1410 patri

414 1407 537 1480 nostro,
569 1421 590 1464 a
628 1398 761 1466 clero
751 1421 788 1463 ιιι
825 1399 1014 1515 episcopatu
1051 1397 1217 1485 praedicto,
1255 1418 1342 1463 anno
1373 1396 1467 1484 regni

414 1505 518 1592 ipsius
548 1502 670 1589 patris
666 1501 785 1567 nostri
816 1500 934 1586 xxiij0,
957 1519 1123 1578 concessae,
1146 1505 1180 1564 et
1210 1499 1402 1586 praedictam
1417 1520 1466 1564 ee-

415 1606 547 1672 clesiam
578 1604 799 1690 contingente,
834 1603 876 1667 de
906 1607 1053 1688 tempore
1085 1622 1151 1688 quo
1182 1601 1270 1666 idem
1310 1600 1465 1687 magister

415 1707 602 1773 Willelmus
624 1705 690 1770 fuit
712 1725 851 1790 persona
866 1704 1008 1770 ecelesiae
1030 1703 1207 1788 praedicta,
1224 1707 1258 1768 et
1280 1703 1321 1768 de
1343 1703 1462 1790 quibus

417 1809 517 1875 iidem
564 1812 754 1872 executores
790 1805 986 1891 pradictum
1025 1803 1233 1890 Stephanum
1277 1806 1462 1891 acquietare

417 1911 547 1987 debent,
584 1914 618 1974 et
655 1929 751 1994 super
788 1908 849 1972 hoo
897 1907 1022 1972 habent
1064 1905 1153 1972 diem
1188 1927 1210 1972 a
1252 1907 1307 1971 die
1352 1905 1465 1972 Sancti

417 2011 585 2079 Michaelis
607 2011 643 2074 in
665 2033 720 2076 xv.
743 2010 832 2090 dies;
858 2009 952 2074 vobis
974 2007 1258 2095 mandemusque
1280 2009 1324 2074 ad
1347 2009 1388 2073 de
1410 2009 1467 2074 de·

416 2114 547 2189 mande,
563 2133 661 2198 quam
677 2110 785 2176 facitis
799 2110 957 2198 praedicto
973 2109 1152 2196 Stephano,
1168 2110 1210 2176 de
1225 2109 1338 2176 debito
1353 2131 1465 2197 supra-

417 2217 515 2292 dicto,
546 2235 658 2302 pacem
697 2213 727 2278 ei
764 2211 886 2278 habere
922 2211 1134 2297 permittetis,
1166 2233 1270 2297 usque
1303 2213 1346 2277 ad
1378 2213 1465 2277 diem

417 2317 650 2404 supradictum,
689 2319 724 2380 et
761 2319 974 2400 sequestrum,
1006 2315 1035 2378 si
1073 2314 1160 2399 quod
1197 2315 1234 2378 in
1270 2314 1367 2380 bonis
1399 2315 1466 2379 suis

417 2418 641 2486 ecclesiasticis
689 2437 728 2482 ea
765 2416 932 2483 occasione
968 2415 1091 2502 apponi
1128 2415 1280 2498 feceritis,
1323 2417 1359 2481 id
1395 2418 1465 2483 sine

418 2520 578 2586 dilatione
593 2517 749 2584 relaxetis
763 2516 895 2583 eisdem.
933 2517 1039 2593 Teste,
1053 2516 1104 2582 W.
1120 2516 1162 2582 de
1185 2515 1359 2603 Norwyco,
1375 2518 1464 2603 apud

418 2620 759 2696 westmonasterium,
784 2617 865 2703 xvjo.
899 2617 952 2682 die
986 2617 1080 2696 Julii,
1113 2639 1201 2684 auno
1231 2619 1325 2706 regni
1359 2622 1465 2686 nostri

418 2720 579 2808 septimo.1

274 2939 369 2985 r.1.oee
419 2938 486 2988 Brev
469 2937 620 3003 vareglate
698 2923 891 3003 Edwardus,
914 2923 977 2988 Dei
1011 2924 1126 3010 gratia,
1156 2945 1216 2989 rex
1245 2923 1386 3012 Angliae,
1409 2924 1467 2990 do·

249 3001 387 3146 ffiffffi
419 3006 537 3120 3036330
570 3019 621 3134 33ξῖ
653 3026 763 3091 minus
790 3025 971 3102 Hiberniae,
1002 3029 1036 3090 et
1065 3025 1135 3089 dux
1156 3025 1358 3111 Aquitania,
1380 3026 1467 3092 vioe-

250 3127 765 3254 Yokpdnaseopum.comit1
810 3126 1014 3209 Ebomcensi,
1060 3127 1208 3193 salutm.
1275 3127 1365 3195 Pone
1409 3149 1466 3215 per

249 3263 313 3345 popul
279 3203 393 3296 Seruum
419 3230 555 3295 vadium
592 3235 627 3295 et
664 3230 770 3294 salvos
807 3229 939 3316 plegios,
972 3228 1140 3294 dominum
1180 3229 1367 3310 Ricardum,
1398 3232 1466 3318 epi·

249 3303 355 3404 iiffi'i
419 3353 553 3450 scopum
585 3326 852 3411 Dunohnensem,
874 3332 924 3396 ita
956 3331 1044 3416 quod
1075 3332 1196 3398 habeat
1227 3353 1336 3398 coram
1365 3333 1466 3418 justi·

417 3434 526 3501 ciariis
557 3433 686 3510 nostris‚
721 3434 811 3518 apud
844 3432 1179 3511 westmonasterium,
1211 3455 1232 3498 a
1264 3433 1319 3501 die
1353 3434 1467 3501 Sancti

419 3535 589 3601 Michaelis
631 3536 668 3599 in
698 3555 803 3598 unum
836 3553 990 3612 mensem,
1024 3535 1220 3622 magistrum
1253 3536 1465 3623 Radulphum

419 3638 460 3704 de
483 3635 650 3715 Holbeoh’,
682 3641 890 3702 executorem
911 3638 1103 3702 testamenti
1133 3637 1284 3724 magistri
1306 3637 1465 3704 Willelmi

418 3739 459 3803 de
483 3737 605 3804 Sancto
628 3735 801 3824 Botulpho,
825 3735 979 3802 clericum
1002 3759 1107 3816 suum,
1130 3739 1172 3804 ad
1202 3739 1466 3828 respondendum

301 3843 303 3848 '
418 3839 566 3905 Johanni
596 3839 638 3904 de
672 3839 823 3919 Musters,
847 3837 1014 3904 executori
1044 3839 1236 3906 testamenti
1267 3839 1406 3906 Henrici
1436 3841 1467 3906 le

419 3941 580 4022 Vavssur,
603 3940 644 4006 de
665 3938 788 4026 placito
802 3939 890 4024 quod
912 3940 991 4025 ipse,
1014 3939 1113 4004 simul
1134 3937 1210 4007 cum
1225 3941 1403 4007 Laurentio
1426 3943 1467 4008 de

420 4043 587 4120 Holbech’,
609 4042 767 4128 magistro
797 4039 943 4106 Roberto
972 4041 1013 4107 de
1044 4041 1190 4121 Baldok’,
1213 4048 1247 4109 et
1277 4043 1404 4132 Rogare
1426 4047 1468 4110 de

421 4144 602 4222 Stoketon’,
625 4141 906 4210 oo-sxeoutoribus
929 4141 1079 4230 praedicti
1108 4144 1259 4232 magistri
1292 4146 1468 4232 Radulphi,

420 4244 611 4312 testamenti
634 4244 784 4331 praedicti
807 4244 958 4331 magistri
973 4243 1139 4324 willelmi,
1155 4246 1272 4313 reddat
1287 4248 1318 4314 ei
1333 4247 1472 4336 triginta

419 4347 520 4414 libras
542 4351 577 4413 et
598 4346 700 4431 xij.a,
723 4368 804 4432 quos
827 4347 857 4412 ei
879 4346 1001 4433 injuste
1024 4346 1160 4429 detinet,
1184 4354 1224 4413 ut
1245 4349 1327 4415 dicit
1339 4374 1347 4430 ;
1371 4349 1470 4416 etad

428 4449 666 4516 ostendendum
688 4469 789 4534 quare
818 4469 885 4513 non
907 4447 1027 4514 habuit
1049 4469 1156 4514 eoram
1183 4449 1376 4535 justiciariis
1397 4471 1472 4518 nos·

470 4675 479 4707 ¹
498 4675 545 4729 See
556 4691 580 4741 p.
593 4679 641 4726 966
652 4677 679 4738 b,
690 4675 706 4704 “
714 4674 840 4727 Execudo
853 4681 939 4727 eonas
948 4675 1112 4740 Redolphum
1122 4677 1154 4728 de
1165 4677 1327 4741 Hollebeche,
1339 4679 1403 4730 etc.”
