<?xml version="1.0" encoding="UTF-8"?>
<!DOCTYPE html PUBLIC "-//W3C//DTD XHTML 1.0 Transitional//EN"
    "http://www.w3.org/TR/xhtml1/DTD/xhtml1-transitional.dtd">
<html xmlns="http://www.w3.org/1999/xhtml" xml:lang="en" lang="en">
 <head>
  <title>
</title>
<meta http-equiv="Content-Type" content="text/html;charset=utf-8" />
  <meta name='ocr-system' content='tesseract 3.04.00' />
  <meta name='ocr-capabilities' content='ocr_page ocr_carea ocr_par ocr_line ocrx_word'/>
</head>
<body>
  <div class='ocr_page' id='page_1' title='image "./registrumpalati00kellgoog_0420.png"; bbox 0 0 3566 5712; ppageno 0'>
   <div class='ocr_carea' id='block_1_1' title="bbox 400 793 1269 858">
    <p class='ocr_par' dir='ltr' id='par_1_1' title="bbox 400 793 1269 858">
     <span class='ocr_line' id='line_1_1' title="bbox 400 793 1269 858; baseline 0 -4"><span class='ocrx_word' id='word_1_1' title='bbox 400 793 486 858; x_wconf 89' lang='grc'><strong>1036</strong></span> <span class='ocrx_word' id='word_1_2' title='bbox 577 805 777 856; x_wconf 84' lang='lat' dir='ltr'><strong>nnursrnurr</strong></span> <span class='ocrx_word' id='word_1_3' title='bbox 799 803 1001 854; x_wconf 76' lang='lat' dir='ltr'><strong>rnmrnrmr</strong></span> <span class='ocrx_word' id='word_1_4' title='bbox 1023 803 1269 854; x_wconf 81' lang='lat' dir='ltr'><strong>nuranrrnrsn</strong></span> 
     </span>
    </p>
   </div>
   <div class='ocr_carea' id='block_1_2' title="bbox 246 994 1628 1792">
    <p class='ocr_par' dir='ltr' id='par_1_2' title="bbox 246 994 1628 1082">
     <span class='ocr_line' id='line_1_2' title="bbox 246 994 1628 1082; baseline -0.004 -22"><span class='ocrx_word' id='word_1_5' title='bbox 246 1015 369 1060; x_wconf 72' lang='lat' dir='ltr'><strong>suram.</strong></span> <span class='ocrx_word' id='word_1_6' title='bbox 397 994 520 1060; x_wconf 84' lang='lat' dir='ltr'><strong>habent</strong></span> <span class='ocrx_word' id='word_1_7' title='bbox 551 997 638 1061; x_wconf 91' lang='lat' dir='ltr'><strong>diem</strong></span> <span class='ocrx_word' id='word_1_8' title='bbox 660 1019 681 1061; x_wconf 89' lang='lat' dir='ltr'><strong>a</strong></span> <span class='ocrx_word' id='word_1_9' title='bbox 703 997 757 1060; x_wconf 90' lang='lat' dir='ltr'><strong>die</strong></span> <span class='ocrx_word' id='word_1_10' title='bbox 788 997 901 1063; x_wconf 86' lang='lat' dir='ltr'><strong>Sancti</strong></span> <span class='ocrx_word' id='word_1_11' title='bbox 933 996 1068 1061; x_wconf 88' lang='lat' dir='ltr'><strong>Hillarii</strong></span> <span class='ocrx_word' id='word_1_12' title='bbox 1098 997 1248 1082; x_wconf 87' lang='lat' dir='ltr'><strong>proximo</strong></span> <span class='ocrx_word' id='word_1_13' title='bbox 1271 995 1385 1060; x_wconf 82' lang='lat' dir='ltr'><strong>futuro</strong></span> <span class='ocrx_word' id='word_1_14' title='bbox 1416 995 1452 1058; x_wconf 90' lang='lat' dir='ltr'><strong>in</strong></span> <span class='ocrx_word' id='word_1_15' title='bbox 1465 1010 1628 1064; x_wconf 67' lang='lat' dir='ltr'><strong>Anapum.</strong></span> 
     </span>
    </p>

    <p class='ocr_par' dir='ltr' id='par_1_3' title="bbox 397 1097 1454 1792">
     <span class='ocr_line' id='line_1_3' title="bbox 397 1097 1454 1184; baseline 0.002 -24"><span class='ocrx_word' id='word_1_16' title='bbox 397 1118 451 1162; x_wconf 86' lang='lat' dir='ltr'><strong>xv.</strong></span> <span class='ocrx_word' id='word_1_17' title='bbox 475 1098 554 1176; x_wconf 89' lang='lat' dir='ltr'><strong>dies,</strong></span> <span class='ocrx_word' id='word_1_18' title='bbox 569 1098 663 1163; x_wconf 90' lang='lat' dir='ltr'><strong>vobis</strong></span> <span class='ocrx_word' id='word_1_19' title='bbox 679 1098 880 1176; x_wconf 87' lang='lat' dir='ltr'><strong>mandamns,</strong></span> <span class='ocrx_word' id='word_1_20' title='bbox 896 1099 984 1184; x_wconf 91' lang='lat' dir='ltr'><strong>quod</strong></span> <span class='ocrx_word' id='word_1_21' title='bbox 1007 1099 1214 1176; x_wconf 74' lang='lat' dir='ltr'>demandam,</span> <span class='ocrx_word' id='word_1_22' title='bbox 1230 1120 1328 1183; x_wconf 89' lang='lat' dir='ltr'><strong>quam</strong></span> <span class='ocrx_word' id='word_1_23' title='bbox 1344 1097 1454 1163; x_wconf 83' lang='lat' dir='ltr'><strong>facitis</strong></span> 
     </span>
     <span class='ocr_line' id='line_1_4' title="bbox 397 1199 1454 1287; baseline -0.001 -22"><span class='ocrx_word' id='word_1_24' title='bbox 397 1200 554 1285; x_wconf 85' lang='lat' dir='ltr'><strong>praedicto</strong></span> <span class='ocrx_word' id='word_1_25' title='bbox 578 1201 746 1285; x_wconf 83' lang='lat' dir='ltr'><strong>Stephano</strong></span> <span class='ocrx_word' id='word_1_26' title='bbox 784 1222 843 1286; x_wconf 88' lang='lat' dir='ltr'><strong>pro</strong></span> <span class='ocrx_word' id='word_1_27' title='bbox 874 1199 1042 1287; x_wconf 67' lang='lat' dir='ltr'><strong>praedictis</strong></span> <span class='ocrx_word' id='word_1_28' title='bbox 1074 1200 1158 1286; x_wconf 88' lang='lat' dir='ltr'><strong>xliij.</strong></span> <span class='ocrx_word' id='word_1_29' title='bbox 1176 1200 1211 1266; x_wconf 83' lang='lat' dir='ltr'><strong>li.</strong></span> <span class='ocrx_word' id='word_1_30' title='bbox 1246 1200 1379 1286; x_wconf 89' lang='lat' dir='ltr'><strong>ponatis</strong></span> <span class='ocrx_word' id='word_1_31' title='bbox 1417 1199 1454 1264; x_wconf 92' lang='lat' dir='ltr'><strong>in</strong></span> 
     </span>
     <span class='ocr_line' id='line_1_5' title="bbox 397 1301 1453 1387; baseline 0 -23"><span class='ocrx_word' id='word_1_32' title='bbox 397 1306 581 1386; x_wconf 87' lang='lat' dir='ltr'><strong>respectum</strong></span> <span class='ocrx_word' id='word_1_33' title='bbox 603 1323 706 1386; x_wconf 90' lang='lat' dir='ltr'><strong>nsque</strong></span> <span class='ocrx_word' id='word_1_34' title='bbox 729 1301 772 1366; x_wconf 85' lang='lat' dir='ltr'><strong>ad</strong></span> <span class='ocrx_word' id='word_1_35' title='bbox 794 1301 882 1366; x_wconf 92' lang='lat' dir='ltr'><strong>diem</strong></span> <span class='ocrx_word' id='word_1_36' title='bbox 905 1302 1152 1387; x_wconf 65' lang='lat' dir='ltr'><strong>supradictum</strong></span> <span class='ocrx_word' id='word_1_37' title='bbox 1176 1307 1210 1366; x_wconf 93' lang='lat' dir='ltr'><strong>et</strong></span> <span class='ocrx_word' id='word_1_38' title='bbox 1236 1307 1453 1387; x_wconf 80' lang='lat' dir='ltr'><strong>sequestrum,</strong></span> 
     </span>
     <span class='ocr_line' id='line_1_6' title="bbox 398 1402 1453 1488; baseline -0.001 -20"><span class='ocrx_word' id='word_1_39' title='bbox 398 1403 536 1486; x_wconf 91' lang='lat' dir='ltr'><strong>siquod</strong></span> <span class='ocrx_word' id='word_1_40' title='bbox 559 1403 594 1466; x_wconf 90' lang='lat' dir='ltr'><strong>in</strong></span> <span class='ocrx_word' id='word_1_41' title='bbox 616 1403 712 1468; x_wconf 90' lang='lat' dir='ltr'><strong>bonis</strong></span> <span class='ocrx_word' id='word_1_42' title='bbox 735 1403 958 1468; x_wconf 87' lang='lat' dir='ltr'><strong>ecclesiasticis</strong></span> <span class='ocrx_word' id='word_1_43' title='bbox 989 1402 1093 1488; x_wconf 88' lang='lat' dir='ltr'><strong>ipsius</strong></span> <span class='ocrx_word' id='word_1_44' title='bbox 1116 1402 1277 1488; x_wconf 87' lang='lat' dir='ltr'><strong>Stephani</strong></span> <span class='ocrx_word' id='word_1_45' title='bbox 1301 1423 1341 1467; x_wconf 88' lang='lat' dir='ltr'><strong>ea</strong></span> <span class='ocrx_word' id='word_1_46' title='bbox 1362 1423 1453 1467; x_wconf 87' lang='lat' dir='ltr'><strong>occa-</strong></span> 
     </span>
     <span class='ocr_line' id='line_1_7' title="bbox 398 1503 1452 1590; baseline 0.003 -24"><span class='ocrx_word' id='word_1_47' title='bbox 398 1504 488 1569; x_wconf 89' lang='lat' dir='ltr'><strong>sione</strong></span> <span class='ocrx_word' id='word_1_48' title='bbox 520 1505 641 1590; x_wconf 88' lang='lat' dir='ltr'><strong>apponi</strong></span> <span class='ocrx_word' id='word_1_49' title='bbox 664 1503 815 1580; x_wconf 72' lang='lat' dir='ltr'><strong>feceritis,</strong></span> <span class='ocrx_word' id='word_1_50' title='bbox 839 1505 973 1569; x_wconf 85' lang='lat' dir='ltr'><strong>interim</strong></span> <span class='ocrx_word' id='word_1_51' title='bbox 1004 1504 1145 1569; x_wconf 84' lang='lat' dir='ltr'><strong>relaxari</strong></span> <span class='ocrx_word' id='word_1_52' title='bbox 1177 1504 1306 1569; x_wconf 81' lang='lat' dir='ltr'><strong>faciatis</strong></span> <span class='ocrx_word' id='word_1_53' title='bbox 1338 1503 1452 1569; x_wconf 87' lang='lat' dir='ltr'><strong>eidem.</strong></span> 
     </span>
     <span class='ocr_line' id='line_1_8' title="bbox 398 1601 1453 1692; baseline 0.002 -24"><span class='ocrx_word' id='word_1_54' title='bbox 398 1601 502 1682; x_wconf 83' lang='lat' dir='ltr'><strong>Teste,</strong></span> <span class='ocrx_word' id='word_1_55' title='bbox 526 1605 568 1670; x_wconf 92' lang='lat' dir='ltr'><strong>H.</strong></span> <span class='ocrx_word' id='word_1_56' title='bbox 593 1605 634 1670; x_wconf 94' lang='lat' dir='ltr'><strong>de</strong></span> <span class='ocrx_word' id='word_1_57' title='bbox 658 1606 832 1685; x_wconf 87' lang='lat' dir='ltr'><strong>Staunton,</strong></span> <span class='ocrx_word' id='word_1_58' title='bbox 856 1606 945 1692; x_wconf 89' lang='lat' dir='ltr'><strong>apud</strong></span> <span class='ocrx_word' id='word_1_59' title='bbox 968 1605 1306 1683; x_wconf 68' lang='lat' dir='ltr'><strong>westmonasterium,</strong></span> <span class='ocrx_word' id='word_1_60' title='bbox 1329 1602 1375 1670; x_wconf 82' lang='lat' dir='ltr'><strong>x⁰.</strong></span> <span class='ocrx_word' id='word_1_61' title='bbox 1398 1605 1453 1670; x_wconf 90' lang='lat' dir='ltr'><strong>die</strong></span> 
     </span>
     <span class='ocr_line' id='line_1_9' title="bbox 397 1705 1095 1792; baseline 0.004 -23"><span class='ocrx_word' id='word_1_62' title='bbox 397 1705 595 1783; x_wconf 79' lang='lat' dir='ltr'><strong>Decembris,</strong></span> <span class='ocrx_word' id='word_1_63' title='bbox 617 1727 705 1771; x_wconf 89' lang='lat' dir='ltr'><strong>anno</strong></span> <span class='ocrx_word' id='word_1_64' title='bbox 727 1707 820 1792; x_wconf 90' lang='lat' dir='ltr'><strong>regni</strong></span> <span class='ocrx_word' id='word_1_65' title='bbox 844 1709 948 1771; x_wconf 82' lang='lat' dir='ltr'><strong>nostri</strong></span> <span class='ocrx_word' id='word_1_66' title='bbox 971 1713 1095 1773; x_wconf 87' lang='lat' dir='ltr'><strong>octavo.</strong></span> 
     </span>
    </p>
   </div>
   <div class='ocr_carea' id='block_1_3' title="bbox 230 1908 1453 2199">
    <p class='ocr_par' dir='ltr' id='par_1_4' title="bbox 230 1908 1453 2199">
     <span class='ocr_line' id='line_1_10' title="bbox 231 1908 1453 2022; baseline 0.003 -53"><span class='ocrx_word' id='word_1_67' title='bbox 231 1926 367 2022; x_wconf 49' lang='lat' dir='ltr'><strong>restim</strong></span> <span class='ocrx_word' id='word_1_68' title='bbox 398 1919 481 1969; x_wconf 79' lang='lat' dir='ltr'><strong>Breve</strong></span> <span class='ocrx_word' id='word_1_69' title='bbox 493 1917 597 1997; x_wconf 71' lang='lat' dir='ltr'><strong>nissum</strong></span> <span class='ocrx_word' id='word_1_70' title='bbox 607 1920 702 1983; x_wconf 65' lang='lat' dir='ltr'><strong>epiros</strong></span> <span class='ocrx_word' id='word_1_71' title='bbox 782 1908 976 1988; x_wconf 87' lang='lat' dir='ltr'><strong>Edwardus,</strong></span> <span class='ocrx_word' id='word_1_72' title='bbox 999 1909 1059 1973; x_wconf 89' lang='lat' dir='ltr'><strong>Dei</strong></span> <span class='ocrx_word' id='word_1_73' title='bbox 1076 1910 1193 1994; x_wconf 87' lang='lat' dir='ltr'><strong>gratia,</strong></span> <span class='ocrx_word' id='word_1_74' title='bbox 1215 1916 1285 1986; x_wconf 80' lang='lat' dir='ltr'><strong>etc,</strong></span> <span class='ocrx_word' id='word_1_75' title='bbox 1317 1929 1453 1973; x_wconf 88' lang='lat' dir='ltr'><strong>venera·</strong></span> 
     </span>
     <span class='ocr_line' id='line_1_11' title="bbox 232 1986 1453 2121; baseline -0.001 -47"><span class='ocrx_word' id='word_1_76' title='bbox 232 1989 363 2121; x_wconf 54' lang='lat' dir='ltr'><strong>llllgffl</strong></span> <span class='ocrx_word' id='word_1_77' title='bbox 400 1986 701 2102; x_wconf 53' lang='lat' dir='ltr'><strong>{gxffiummfflssffiffi</strong></span> <span class='ocrx_word' id='word_1_78' title='bbox 734 2009 794 2075; x_wconf 88' lang='lat' dir='ltr'><strong>bili</strong></span> <span class='ocrx_word' id='word_1_79' title='bbox 825 2011 861 2074; x_wconf 93' lang='lat' dir='ltr'><strong>in</strong></span> <span class='ocrx_word' id='word_1_80' title='bbox 886 2011 1018 2076; x_wconf 76' lang='lat' dir='ltr'><strong>Christo</strong></span> <span class='ocrx_word' id='word_1_81' title='bbox 1048 2011 1145 2096; x_wconf 90' lang='lat' dir='ltr'><strong>patri,</strong></span> <span class='ocrx_word' id='word_1_82' title='bbox 1168 2010 1317 2088; x_wconf 87' lang='lat' dir='ltr'><strong>Ricardo,</strong></span> <span class='ocrx_word' id='word_1_83' title='bbox 1340 2011 1453 2075; x_wconf 85' lang='lat' dir='ltr'><strong>eadem</strong></span> 
     </span>
     <span class='ocr_line' id='line_1_12' title="bbox 230 2091 1452 2199; baseline 0 -28"><span class='ocrx_word' id='word_1_84' title='bbox 230 2091 272 2171; x_wconf 70' lang='lat' dir='ltr'><strong>llis</strong></span> <span class='ocrx_word' id='word_1_85' title='bbox 281 2128 384 2172; x_wconf 68' lang='lat' dir='ltr'><strong>vuum</strong></span> <span class='ocrx_word' id='word_1_86' title='bbox 400 2116 526 2168; x_wconf 68' lang='lat' dir='ltr'><strong>machia.</strong></span> <span class='ocrx_word' id='word_1_87' title='bbox 733 2113 849 2197; x_wconf 63' lang='lat' dir='ltr'><strong>gradu</strong></span> <span class='ocrx_word' id='word_1_88' title='bbox 872 2114 1023 2199; x_wconf 87' lang='lat' dir='ltr'><strong>episeopo</strong></span> <span class='ocrx_word' id='word_1_89' title='bbox 1052 2113 1278 2190; x_wconf 86' lang='lat' dir='ltr'><strong>Dnnelmensi,</strong></span> <span class='ocrx_word' id='word_1_90' title='bbox 1304 2113 1452 2176; x_wconf 87' lang='lat' dir='ltr'><strong>salutem.</strong></span> 
     </span>
    </p>
   </div>
   <div class='ocr_carea' id='block_1_4' title="bbox 232 2178 1537 4641">
    <p class='ocr_par' dir='ltr' id='par_1_5' title="bbox 232 2178 1537 4641">
     <span class='ocr_line' id='line_1_13' title="bbox 232 2178 1453 2295; baseline 0.002 -22"><span class='ocrx_word' id='word_1_91' title='bbox 232 2178 344 2273; x_wconf 72' lang='lat' dir='ltr'><strong>iidicioe.</strong></span> <span class='ocrx_word' id='word_1_92' title='bbox 402 2210 465 2276; x_wconf 91' lang='lat' dir='ltr'><strong>Per</strong></span> <span class='ocrx_word' id='word_1_93' title='bbox 499 2211 656 2277; x_wconf 90' lang='lat' dir='ltr'><strong>dilectum</strong></span> <span class='ocrx_word' id='word_1_94' title='bbox 680 2218 714 2277; x_wconf 93' lang='lat' dir='ltr'><strong>et</strong></span> <span class='ocrx_word' id='word_1_95' title='bbox 736 2213 867 2279; x_wconf 88' lang='lat' dir='ltr'><strong>fidelem</strong></span> <span class='ocrx_word' id='word_1_96' title='bbox 898 2220 1058 2295; x_wconf 88' lang='lat' dir='ltr'><strong>nostrum,</strong></span> <span class='ocrx_word' id='word_1_97' title='bbox 1081 2215 1104 2280; x_wconf 88' lang='lat' dir='ltr'><strong>J</strong></span> <span class='ocrx_word' id='word_1_98' title='bbox 1106 2215 1270 2280; x_wconf 90' lang='lat' dir='ltr'><strong>ohannem</strong></span> <span class='ocrx_word' id='word_1_99' title='bbox 1292 2214 1333 2278; x_wconf 94' lang='lat' dir='ltr'><strong>de</strong></span> <span class='ocrx_word' id='word_1_100' title='bbox 1356 2215 1453 2288; x_wconf 87' lang='lat' dir='ltr'><strong>Eure,</strong></span> 
     </span>
     <span class='ocr_line' id='line_1_14' title="bbox 401 2312 1455 2403; baseline 0.001 -26"><span class='ocrx_word' id='word_1_101' title='bbox 401 2312 495 2378; x_wconf 89' lang='lat' dir='ltr'><strong>nobis</strong></span> <span class='ocrx_word' id='word_1_102' title='bbox 526 2335 632 2398; x_wconf 87' lang='lat' dir='ltr'><strong>nuper</strong></span> <span class='ocrx_word' id='word_1_103' title='bbox 654 2315 770 2379; x_wconf 86' lang='lat' dir='ltr'><strong>extitit</strong></span> <span class='ocrx_word' id='word_1_104' title='bbox 803 2317 1005 2395; x_wconf 88' lang='lat' dir='ltr'><strong>nunciatum,</strong></span> <span class='ocrx_word' id='word_1_105' title='bbox 1029 2317 1118 2402; x_wconf 92' lang='lat' dir='ltr'><strong>quod</strong></span> <span class='ocrx_word' id='word_1_106' title='bbox 1150 2338 1209 2381; x_wconf 90' lang='lat' dir='ltr'><strong>vos</strong></span> <span class='ocrx_word' id='word_1_107' title='bbox 1232 2337 1330 2403; x_wconf 89' lang='lat' dir='ltr'><strong>super</strong></span> <span class='ocrx_word' id='word_1_108' title='bbox 1361 2313 1455 2380; x_wconf 86' lang='lat' dir='ltr'><strong>salva</strong></span> 
     </span>
     <span class='ocr_line' id='line_1_15' title="bbox 401 2415 1454 2504; baseline -0.001 -23"><span class='ocrx_word' id='word_1_109' title='bbox 401 2415 550 2481; x_wconf 87' lang='lat' dir='ltr'><strong>custodia</strong></span> <span class='ocrx_word' id='word_1_110' title='bbox 572 2415 727 2482; x_wconf 81' lang='lat' dir='ltr'><strong>Marchiae</strong></span> <span class='ocrx_word' id='word_1_111' title='bbox 750 2418 843 2502; x_wconf 90' lang='lat' dir='ltr'><strong>regni</strong></span> <span class='ocrx_word' id='word_1_112' title='bbox 875 2418 981 2483; x_wconf 87' lang='lat' dir='ltr'><strong>nostri</strong></span> <span class='ocrx_word' id='word_1_113' title='bbox 1005 2439 1118 2482; x_wconf 87' lang='lat' dir='ltr'><strong>versus</strong></span> <span class='ocrx_word' id='word_1_114' title='bbox 1150 2421 1261 2504; x_wconf 84' lang='lat' dir='ltr'><strong>partes</strong></span> <span class='ocrx_word' id='word_1_115' title='bbox 1298 2416 1454 2492; x_wconf 90' lang='lat' dir='ltr'><strong>boreales,</strong></span> 
     </span>
     <span class='ocr_line' id='line_1_16' title="bbox 400 2516 1454 2604; baseline 0.002 -24"><span class='ocrx_word' id='word_1_116' title='bbox 400 2539 459 2603; x_wconf 90' lang='lat' dir='ltr'><strong>pro</strong></span> <span class='ocrx_word' id='word_1_117' title='bbox 482 2517 666 2604; x_wconf 85' lang='lat' dir='ltr'><strong>repulsione</strong></span> <span class='ocrx_word' id='word_1_118' title='bbox 689 2516 885 2598; x_wconf 80' lang='lat' dir='ltr'><strong>Scottorum,</strong></span> <span class='ocrx_word' id='word_1_119' title='bbox 901 2521 1105 2585; x_wconf 87' lang='lat' dir='ltr'><strong>inimicorum</strong></span> <span class='ocrx_word' id='word_1_120' title='bbox 1129 2525 1164 2585; x_wconf 88' lang='lat' dir='ltr'><strong>et</strong></span> <span class='ocrx_word' id='word_1_121' title='bbox 1185 2519 1355 2584; x_wconf 90' lang='lat' dir='ltr'><strong>rebellium</strong></span> <span class='ocrx_word' id='word_1_122' title='bbox 1380 2539 1454 2582; x_wconf 89' lang='lat' dir='ltr'><strong>nos-</strong></span> 
     </span>
     <span class='ocr_line' id='line_1_17' title="bbox 401 2619 1455 2707; baseline -0.001 -23"><span class='ocrx_word' id='word_1_123' title='bbox 401 2625 537 2700; x_wconf 86' lang='lat' dir='ltr'><strong>trornm,</strong></span> <span class='ocrx_word' id='word_1_124' title='bbox 575 2619 632 2704; x_wconf 93' lang='lat' dir='ltr'><strong>qui</strong></span> <span class='ocrx_word' id='word_1_125' title='bbox 671 2619 795 2684; x_wconf 85' lang='lat' dir='ltr'><strong>dictum</strong></span> <span class='ocrx_word' id='word_1_126' title='bbox 839 2643 975 2707; x_wconf 90' lang='lat' dir='ltr'><strong>regnum</strong></span> <span class='ocrx_word' id='word_1_127' title='bbox 1013 2621 1176 2686; x_wconf 87' lang='lat' dir='ltr'><strong>hostiliter</strong></span> <span class='ocrx_word' id='word_1_128' title='bbox 1216 2621 1287 2705; x_wconf 89' lang='lat' dir='ltr'><strong>jam</strong></span> <span class='ocrx_word' id='word_1_129' title='bbox 1326 2619 1455 2706; x_wconf 82' lang='lat' dir='ltr'><strong>ingredi</strong></span> 
     </span>
     <span class='ocr_line' id='line_1_18' title="bbox 401 2721 1456 2810; baseline 0.002 -26"><span class='ocrx_word' id='word_1_130' title='bbox 401 2725 596 2808; x_wconf 91' lang='lat' dir='ltr'><strong>proponunt,</strong></span> <span class='ocrx_word' id='word_1_131' title='bbox 612 2725 652 2786; x_wconf 88' lang='lat' dir='ltr'><strong>ut</strong></span> <span class='ocrx_word' id='word_1_132' title='bbox 673 2721 905 2800; x_wconf 82' lang='lat' dir='ltr'><strong>intelleximus,</strong></span> <span class='ocrx_word' id='word_1_133' title='bbox 919 2745 958 2789; x_wconf 88' lang='lat' dir='ltr'><strong>ae</strong></span> <span class='ocrx_word' id='word_1_134' title='bbox 980 2745 1039 2810; x_wconf 93' lang='lat' dir='ltr'><strong>pro</strong></span> <span class='ocrx_word' id='word_1_135' title='bbox 1054 2743 1133 2809; x_wconf 89' lang='lat' dir='ltr'><strong>pace</strong></span> <span class='ocrx_word' id='word_1_136' title='bbox 1156 2727 1191 2789; x_wconf 89' lang='lat' dir='ltr'><strong>ct</strong></span> <span class='ocrx_word' id='word_1_137' title='bbox 1212 2723 1456 2808; x_wconf 78' lang='lat' dir='ltr'><strong>tranquillitate</strong></span> 
     </span>
     <span class='ocr_line' id='line_1_19' title="bbox 402 2822 1456 2909; baseline 0 -23"><span class='ocrx_word' id='word_1_138' title='bbox 402 2822 515 2909; x_wconf 91' lang='lat' dir='ltr'><strong>populi</strong></span> <span class='ocrx_word' id='word_1_139' title='bbox 538 2823 643 2887; x_wconf 86' lang='lat' dir='ltr'><strong>nostri</strong></span> <span class='ocrx_word' id='word_1_140' title='bbox 675 2824 820 2909; x_wconf 85' lang='lat' dir='ltr'><strong>partium</strong></span> <span class='ocrx_word' id='word_1_141' title='bbox 843 2824 976 2891; x_wconf 90' lang='lat' dir='ltr'><strong>illarum</strong></span> <span class='ocrx_word' id='word_1_142' title='bbox 1003 2825 1234 2905; x_wconf 85' lang='lat' dir='ltr'><strong>conservanda,</strong></span> <span class='ocrx_word' id='word_1_143' title='bbox 1257 2845 1295 2889; x_wconf 92' lang='lat' dir='ltr'><strong>ac</strong></span> <span class='ocrx_word' id='word_1_144' title='bbox 1326 2824 1456 2889; x_wconf 88' lang='lat' dir='ltr'><strong>damnis</strong></span> 
     </span>
     <span class='ocr_line' id='line_1_20' title="bbox 402 2923 1457 3013; baseline 0 -24"><span class='ocrx_word' id='word_1_145' title='bbox 402 2930 436 2989; x_wconf 88' lang='lat' dir='ltr'><strong>et</strong></span> <span class='ocrx_word' id='word_1_146' title='bbox 458 2923 611 3009; x_wconf 84' lang='lat' dir='ltr'><strong>periculis</strong></span> <span class='ocrx_word' id='word_1_147' title='bbox 642 2946 715 3010; x_wconf 81' lang='lat' dir='ltr'><strong>quse</strong></span> <span class='ocrx_word' id='word_1_148' title='bbox 739 2926 860 3012; x_wconf 91' lang='lat' dir='ltr'><strong>populo</strong></span> <span class='ocrx_word' id='word_1_149' title='bbox 883 2927 1040 3012; x_wconf 88' lang='lat' dir='ltr'><strong>praedicto</strong></span> <span class='ocrx_word' id='word_1_150' title='bbox 1062 2948 1120 3013; x_wconf 91' lang='lat' dir='ltr'><strong>per</strong></span> <span class='ocrx_word' id='word_1_151' title='bbox 1142 2926 1333 3011; x_wconf 90' lang='lat' dir='ltr'><strong>hujusmodi</strong></span> <span class='ocrx_word' id='word_1_152' title='bbox 1348 2926 1457 2992; x_wconf 89' lang='lat' dir='ltr'><strong>incur·</strong></span> 
     </span>
     <span class='ocr_line' id='line_1_21' title="bbox 402 3025 1456 3116; baseline 0.002 -27"><span class='ocrx_word' id='word_1_153' title='bbox 402 3047 457 3090; x_wconf 90' lang='lat' dir='ltr'><strong>sus</strong></span> <span class='ocrx_word' id='word_1_154' title='bbox 487 3025 648 3090; x_wconf 88' lang='lat' dir='ltr'><strong>dictorum</strong></span> <span class='ocrx_word' id='word_1_155' title='bbox 678 3025 885 3092; x_wconf 89' lang='lat' dir='ltr'><strong>inimicorum</strong></span> <span class='ocrx_word' id='word_1_156' title='bbox 909 3029 1039 3094; x_wconf 89' lang='lat' dir='ltr'><strong>evenire</strong></span> <span class='ocrx_word' id='word_1_157' title='bbox 1071 3034 1212 3116; x_wconf 85' lang='lat' dir='ltr'><strong>possent,</strong></span> <span class='ocrx_word' id='word_1_158' title='bbox 1235 3029 1300 3094; x_wconf 89' lang='lat' dir='ltr'><strong>nisi</strong></span> <span class='ocrx_word' id='word_1_159' title='bbox 1334 3027 1456 3093; x_wconf 88' lang='lat' dir='ltr'><strong>eisdem</strong></span> 
     </span>
     <span class='ocr_line' id='line_1_22' title="bbox 403 3127 1457 3215; baseline 0.002 -23"><span class='ocrx_word' id='word_1_160' title='bbox 403 3127 599 3204; x_wconf 82' lang='lat' dir='ltr'><strong>obviaretur,</strong></span> <span class='ocrx_word' id='word_1_161' title='bbox 631 3127 804 3207; x_wconf 83' lang='lat' dir='ltr'><strong>evitandis,</strong></span> <span class='ocrx_word' id='word_1_162' title='bbox 829 3130 1000 3195; x_wconf 89' lang='lat' dir='ltr'><strong>consilium</strong></span> <span class='ocrx_word' id='word_1_163' title='bbox 1034 3135 1067 3196; x_wconf 91' lang='lat' dir='ltr'><strong>et</strong></span> <span class='ocrx_word' id='word_1_164' title='bbox 1105 3131 1267 3196; x_wconf 83' lang='lat' dir='ltr'><strong>auxilium</strong></span> <span class='ocrx_word' id='word_1_165' title='bbox 1300 3134 1457 3215; x_wconf 90' lang='lat' dir='ltr'><strong>opportu-</strong></span> 
     </span>
     <span class='ocr_line' id='line_1_23' title="bbox 402 3228 1458 3318; baseline 0.001 -25"><span class='ocrx_word' id='word_1_166' title='bbox 402 3250 482 3294; x_wconf 91' lang='lat' dir='ltr'><strong>num</strong></span> <span class='ocrx_word' id='word_1_167' title='bbox 507 3228 665 3295; x_wconf 86' lang='lat' dir='ltr'><strong>hactenus</strong></span> <span class='ocrx_word' id='word_1_168' title='bbox 687 3230 853 3315; x_wconf 86' lang='lat' dir='ltr'><strong>posuistis,</strong></span> <span class='ocrx_word' id='word_1_169' title='bbox 877 3237 911 3296; x_wconf 94' lang='lat' dir='ltr'><strong>et</strong></span> <span class='ocrx_word' id='word_1_170' title='bbox 933 3233 1040 3297; x_wconf 87' lang='lat' dir='ltr'><strong>adhuc</strong></span> <span class='ocrx_word' id='word_1_171' title='bbox 1062 3232 1170 3297; x_wconf 87' lang='lat' dir='ltr'><strong>indies</strong></span> <span class='ocrx_word' id='word_1_172' title='bbox 1192 3253 1356 3318; x_wconf 90' lang='lat' dir='ltr'><strong>apponere</strong></span> <span class='ocrx_word' id='word_1_173' title='bbox 1383 3233 1458 3295; x_wconf 87' lang='lat' dir='ltr'><strong>&#39;non</strong></span> 
     </span>
     <span class='ocr_line' id='line_1_24' title="bbox 403 3332 1458 3421; baseline -0.001 -25"><span class='ocrx_word' id='word_1_174' title='bbox 403 3332 575 3413; x_wconf 81' lang='lat' dir='ltr'><strong>desinitis3</strong></span> <span class='ocrx_word' id='word_1_175' title='bbox 598 3332 725 3418; x_wconf 92' lang='lat' dir='ltr'><strong>dequo</strong></span> <span class='ocrx_word' id='word_1_176' title='bbox 760 3334 855 3398; x_wconf 91' lang='lat' dir='ltr'><strong>vobis</strong></span> <span class='ocrx_word' id='word_1_177' title='bbox 887 3339 996 3421; x_wconf 83' lang='lat' dir='ltr'><strong>grates</strong></span> <span class='ocrx_word' id='word_1_178' title='bbox 1027 3334 1197 3400; x_wconf 86' lang='lat' dir='ltr'><strong>referimus</strong></span> <span class='ocrx_word' id='word_1_179' title='bbox 1227 3334 1390 3420; x_wconf 85' lang='lat' dir='ltr'><strong>speciales,</strong></span> <span class='ocrx_word' id='word_1_180' title='bbox 1422 3332 1458 3395; x_wconf 90' lang='lat' dir='ltr'><strong>in</strong></span> 
     </span>
     <span class='ocr_line' id='line_1_25' title="bbox 403 3434 1459 3520; baseline 0 -22"><span class='ocrx_word' id='word_1_181' title='bbox 403 3435 468 3500; x_wconf 88' lang='lat' dir='ltr'><strong>fide</strong></span> <span class='ocrx_word' id='word_1_182' title='bbox 491 3439 525 3500; x_wconf 90' lang='lat' dir='ltr'><strong>et</strong></span> <span class='ocrx_word' id='word_1_183' title='bbox 548 3435 722 3500; x_wconf 80' lang='lat' dir='ltr'><strong>dilectione</strong></span> <span class='ocrx_word' id='word_1_184' title='bbox 745 3435 863 3520; x_wconf 89' lang='lat' dir='ltr'><strong>quibus</strong></span> <span class='ocrx_word' id='word_1_185' title='bbox 886 3436 980 3501; x_wconf 89' lang='lat' dir='ltr'><strong>nobis</strong></span> <span class='ocrx_word' id='word_1_186' title='bbox 1004 3437 1170 3514; x_wconf 88' lang='lat' dir='ltr'><strong>tenemini,</strong></span> <span class='ocrx_word' id='word_1_187' title='bbox 1186 3435 1325 3500; x_wconf 89' lang='lat' dir='ltr'><strong>firmiter</strong></span> <span class='ocrx_word' id='word_1_188' title='bbox 1347 3434 1459 3520; x_wconf 90' lang='lat' dir='ltr'><strong>injun-</strong></span> 
     </span>
     <span class='ocr_line' id='line_1_26' title="bbox 403 3531 1537 3624; baseline -0.002 -22"><span class='ocrx_word' id='word_1_189' title='bbox 403 3541 525 3623; x_wconf 86' lang='lat' dir='ltr'><strong>gentes,</strong></span> <span class='ocrx_word' id='word_1_190' title='bbox 560 3537 647 3622; x_wconf 92' lang='lat' dir='ltr'><strong>quod</strong></span> <span class='ocrx_word' id='word_1_191' title='bbox 680 3537 765 3602; x_wconf 87' lang='lat' dir='ltr'><strong>eirca</strong></span> <span class='ocrx_word' id='word_1_192' title='bbox 801 3537 968 3622; x_wconf 72' lang='lat' dir='ltr'><strong>praemissa</strong></span> <span class='ocrx_word' id='word_1_193' title='bbox 998 3544 1217 3624; x_wconf 79' lang='lat' dir='ltr'><strong>opportunam</strong></span> <span class='ocrx_word' id='word_1_194' title='bbox 1251 3531 1458 3624; x_wconf 86' lang='lat' dir='ltr'><strong>diligentiam</strong></span> <span class='ocrx_word' id='word_1_195' title='bbox 1535 3537 1537 3543; x_wconf 85' lang='grc'><strong>’</strong></span> 
     </span>
     <span class='ocr_line' id='line_1_27' title="bbox 404 3638 1457 3725; baseline -0.003 -21"><span class='ocrx_word' id='word_1_196' title='bbox 404 3640 451 3705; x_wconf 90' lang='lat' dir='ltr'><strong>sic</strong></span> <span class='ocrx_word' id='word_1_197' title='bbox 482 3640 645 3725; x_wconf 85' lang='lat' dir='ltr'><strong>inceptam</strong></span> <span class='ocrx_word' id='word_1_198' title='bbox 680 3639 887 3718; x_wconf 86' lang='lat' dir='ltr'><strong>continuatis,</strong></span> <span class='ocrx_word' id='word_1_199' title='bbox 911 3645 945 3704; x_wconf 88' lang='lat' dir='ltr'><strong>et</strong></span> <span class='ocrx_word' id='word_1_200' title='bbox 979 3639 1064 3705; x_wconf 86' lang='lat' dir='ltr'><strong>circa</strong></span> <span class='ocrx_word' id='word_1_201' title='bbox 1097 3639 1313 3706; x_wconf 88' lang='lat' dir='ltr'><strong>salvationem</strong></span> <span class='ocrx_word' id='word_1_202' title='bbox 1345 3638 1457 3725; x_wconf 92' lang='lat' dir='ltr'><strong>populi</strong></span> 
     </span>
     <span class='ocr_line' id='line_1_28' title="bbox 404 3740 1459 3828; baseline 0.002 -22"><span class='ocrx_word' id='word_1_203' title='bbox 404 3740 562 3828; x_wconf 86' lang='lat' dir='ltr'><strong>praedicti,</strong></span> <span class='ocrx_word' id='word_1_204' title='bbox 586 3763 623 3806; x_wconf 90' lang='lat' dir='ltr'><strong>ac</strong></span> <span class='ocrx_word' id='word_1_205' title='bbox 657 3741 876 3827; x_wconf 87' lang='lat' dir='ltr'><strong>repulsionem</strong></span> <span class='ocrx_word' id='word_1_206' title='bbox 907 3741 1071 3806; x_wconf 89' lang='lat' dir='ltr'><strong>dictorum</strong></span> <span class='ocrx_word' id='word_1_207' title='bbox 1105 3742 1313 3807; x_wconf 89' lang='lat' dir='ltr'><strong>inimieorum</strong></span> <span class='ocrx_word' id='word_1_208' title='bbox 1344 3747 1379 3807; x_wconf 90' lang='lat' dir='ltr'><strong>et</strong></span> <span class='ocrx_word' id='word_1_209' title='bbox 1409 3763 1459 3808; x_wconf 89' lang='lat' dir='ltr'><strong>re·</strong></span> 
     </span>
     <span class='ocr_line' id='line_1_29' title="bbox 404 3843 1459 3930; baseline 0.002 -21"><span class='ocrx_word' id='word_1_210' title='bbox 404 3844 540 3910; x_wconf 91' lang='lat' dir='ltr'><strong>bellium</strong></span> <span class='ocrx_word' id='word_1_211' title='bbox 562 3849 758 3919; x_wconf 86' lang='lat' dir='ltr'><strong>nostrorum,</strong></span> <span class='ocrx_word' id='word_1_212' title='bbox 773 3843 946 3908; x_wconf 89' lang='lat' dir='ltr'><strong>consilium</strong></span> <span class='ocrx_word' id='word_1_213' title='bbox 969 3847 1003 3908; x_wconf 92' lang='lat' dir='ltr'><strong>et</strong></span> <span class='ocrx_word' id='word_1_214' title='bbox 1025 3844 1196 3922; x_wconf 83' lang='lat' dir='ltr'><strong>auxilium,</strong></span> <span class='ocrx_word' id='word_1_215' title='bbox 1213 3866 1287 3909; x_wconf 90' lang='lat' dir='ltr'><strong>cum</strong></span> <span class='ocrx_word' id='word_1_216' title='bbox 1310 3847 1403 3930; x_wconf 89' lang='lat' dir='ltr'><strong>cquis</strong></span> <span class='ocrx_word' id='word_1_217' title='bbox 1425 3851 1459 3911; x_wconf 90' lang='lat' dir='ltr'><strong>et</strong></span> 
     </span>
     <span class='ocr_line' id='line_1_30' title="bbox 405 3946 1457 4031; baseline 0.002 -21"><span class='ocrx_word' id='word_1_218' title='bbox 405 3946 512 4024; x_wconf 89' lang='lat' dir='ltr'><strong>armis,</strong></span> <span class='ocrx_word' id='word_1_219' title='bbox 528 3952 563 4010; x_wconf 90' lang='lat' dir='ltr'><strong>et</strong></span> <span class='ocrx_word' id='word_1_220' title='bbox 584 3949 655 4010; x_wconf 88' lang='lat' dir='ltr'><strong>toto</strong></span> <span class='ocrx_word' id='word_1_221' title='bbox 677 3965 778 4031; x_wconf 85' lang='lat' dir='ltr'><strong>posse,</strong></span> <span class='ocrx_word' id='word_1_222' title='bbox 802 3966 866 4029; x_wconf 93' lang='lat' dir='ltr'><strong>quo</strong></span> <span class='ocrx_word' id='word_1_223' title='bbox 889 3967 947 4029; x_wconf 91' lang='lat' dir='ltr'><strong>per</strong></span> <span class='ocrx_word' id='word_1_224' title='bbox 969 3950 1094 4010; x_wconf 89' lang='lat' dir='ltr'><strong>vestros</strong></span> <span class='ocrx_word' id='word_1_225' title='bbox 1117 3952 1151 4010; x_wconf 91' lang='lat' dir='ltr'><strong>et</strong></span> <span class='ocrx_word' id='word_1_226' title='bbox 1173 3946 1255 4011; x_wconf 86' lang='lat' dir='ltr'><strong>elios</strong></span> <span class='ocrx_word' id='word_1_227' title='bbox 1278 3947 1313 4010; x_wconf 94' lang='lat' dir='ltr'><strong>in</strong></span> <span class='ocrx_word' id='word_1_228' title='bbox 1336 3948 1457 4012; x_wconf 89' lang='lat' dir='ltr'><strong>eisdem</strong></span> 
     </span>
     <span class='ocr_line' id='line_1_31' title="bbox 404 4045 1460 4134; baseline 0.003 -22"><span class='ocrx_word' id='word_1_229' title='bbox 404 4049 477 4113; x_wconf 88' lang='lat' dir='ltr'><strong>fieri</strong></span> <span class='ocrx_word' id='word_1_230' title='bbox 520 4047 670 4134; x_wconf 90' lang='lat' dir='ltr'><strong>poteritis</strong></span> <span class='ocrx_word' id='word_1_231' title='bbox 707 4069 887 4134; x_wconf 88' lang='lat' dir='ltr'><strong>procurare,</strong></span> <span class='ocrx_word' id='word_1_232' title='bbox 937 4045 1152 4112; x_wconf 87' lang='lat' dir='ltr'><strong>effectualiter</strong></span> <span class='ocrx_word' id='word_1_233' title='bbox 1189 4049 1386 4134; x_wconf 87' lang='lat' dir='ltr'><strong>apponatis;</strong></span> <span class='ocrx_word' id='word_1_234' title='bbox 1425 4055 1460 4115; x_wconf 88' lang='lat' dir='ltr'><strong>et</strong></span> 
     </span>
     <span class='ocr_line' id='line_1_32' title="bbox 404 4149 1459 4237; baseline 0.002 -23"><span class='ocrx_word' id='word_1_235' title='bbox 404 4151 474 4228; x_wconf 88' lang='lat' dir='ltr'><strong>hoc,</strong></span> <span class='ocrx_word' id='word_1_236' title='bbox 490 4150 575 4216; x_wconf 86' lang='lat' dir='ltr'><strong>siout</strong></span> <span class='ocrx_word' id='word_1_237' title='bbox 598 4171 657 4214; x_wconf 89' lang='lat' dir='ltr'><strong>nos</strong></span> <span class='ocrx_word' id='word_1_238' title='bbox 681 4154 715 4214; x_wconf 92' lang='lat' dir='ltr'><strong>et</strong></span> <span class='ocrx_word' id='word_1_239' title='bbox 735 4149 892 4214; x_wconf 89' lang='lat' dir='ltr'><strong>honorem</strong></span> <span class='ocrx_word' id='word_1_240' title='bbox 914 4154 1072 4227; x_wconf 86' lang='lat' dir='ltr'><strong>nostrum,</strong></span> <span class='ocrx_word' id='word_1_241' title='bbox 1089 4156 1123 4214; x_wconf 87' lang='lat' dir='ltr'><strong>et</strong></span> <span class='ocrx_word' id='word_1_242' title='bbox 1138 4157 1294 4228; x_wconf 90' lang='lat' dir='ltr'><strong>vestrum,</strong></span> <span class='ocrx_word' id='word_1_243' title='bbox 1310 4151 1459 4237; x_wconf 88' lang='lat' dir='ltr'><strong>diligitis,</strong></span> 
     </span>
     <span class='ocr_line' id='line_1_33' title="bbox 406 4251 1461 4336; baseline 0 -19"><span class='ocrx_word' id='word_1_244' title='bbox 406 4258 440 4317; x_wconf 92' lang='lat' dir='ltr'><strong>et</strong></span> <span class='ocrx_word' id='word_1_245' title='bbox 485 4252 525 4316; x_wconf 91' lang='lat' dir='ltr'><strong>de</strong></span> <span class='ocrx_word' id='word_1_246' title='bbox 568 4251 661 4318; x_wconf 89' lang='lat' dir='ltr'><strong>vobis</strong></span> <span class='ocrx_word' id='word_1_247' title='bbox 692 4251 876 4336; x_wconf 87' lang='lat' dir='ltr'><strong>specialiter·</strong></span> <span class='ocrx_word' id='word_1_248' title='bbox 914 4251 1117 4331; x_wconf 86' lang='lat' dir='ltr'><strong>confidimus,</strong></span> <span class='ocrx_word' id='word_1_249' title='bbox 1155 4251 1261 4316; x_wconf 88' lang='lat' dir='ltr'><strong>modis</strong></span> <span class='ocrx_word' id='word_1_250' title='bbox 1308 4253 1461 4318; x_wconf 90' lang='lat' dir='ltr'><strong>omnibus</strong></span> 
     </span>
     <span class='ocr_line' id='line_1_34' title="bbox 404 4352 1461 4438; baseline 0.002 -22"><span class='ocrx_word' id='word_1_251' title='bbox 404 4353 535 4419; x_wconf 80' lang='lat' dir='ltr'><strong>faciatis</strong></span> <span class='ocrx_word' id='word_1_252' title='bbox 547 4377 555 4432; x_wconf 92' lang='lat'>;</span> <span class='ocrx_word' id='word_1_253' title='bbox 586 4353 636 4419; x_wconf 84' lang='lat' dir='ltr'><strong>ita</strong></span> <span class='ocrx_word' id='word_1_254' title='bbox 667 4353 756 4438; x_wconf 92' lang='lat' dir='ltr'><strong>quod</strong></span> <span class='ocrx_word' id='word_1_255' title='bbox 778 4373 838 4418; x_wconf 91' lang='lat' dir='ltr'><strong>vos</strong></span> <span class='ocrx_word' id='word_1_256' title='bbox 870 4352 989 4418; x_wconf 85' lang='lat' dir='ltr'><strong>exinde</strong></span> <span class='ocrx_word' id='word_1_257' title='bbox 1023 4352 1201 4418; x_wconf 90' lang='lat' dir='ltr'><strong>debeamus</strong></span> <span class='ocrx_word' id='word_1_258' title='bbox 1223 4354 1340 4418; x_wconf 88' lang='lat' dir='ltr'><strong>merito</strong></span> <span class='ocrx_word' id='word_1_259' title='bbox 1375 4376 1461 4418; x_wconf 90' lang='lat' dir='ltr'><strong>corn-</strong></span> 
     </span>
     <span class='ocr_line' id='line_1_35' title="bbox 406 4454 1461 4540; baseline 0.002 -24"><span class='ocrx_word' id='word_1_260' title='bbox 406 4455 579 4534; x_wconf 89' lang='lat' dir='ltr'><strong>1nendare;</strong></span> <span class='ocrx_word' id='word_1_261' title='bbox 611 4454 795 4520; x_wconf 85' lang='lat' dir='ltr'><strong>absentiam</strong></span> <span class='ocrx_word' id='word_1_262' title='bbox 817 4459 932 4519; x_wconf 90' lang='lat' dir='ltr'><strong>autern</strong></span> <span class='ocrx_word' id='word_1_263' title='bbox 964 4461 1108 4519; x_wconf 88' lang='lat' dir='ltr'><strong>vestram</strong></span> <span class='ocrx_word' id='word_1_264' title='bbox 1131 4456 1173 4519; x_wconf 91' lang='lat' dir='ltr'><strong>ad</strong></span> <span class='ocrx_word' id='word_1_265' title='bbox 1205 4455 1461 4540; x_wconf 89' lang='lat' dir='ltr'><strong>parliamentum</strong></span> 
     </span>
     <span class='ocr_line' id='line_1_36' title="bbox 406 4555 1462 4641; baseline 0.002 -23"><span class='ocrx_word' id='word_1_266' title='bbox 406 4562 564 4634; x_wconf 87' lang='lat' dir='ltr'><strong>nostrum,</strong></span> <span class='ocrx_word' id='word_1_267' title='bbox 603 4556 691 4641; x_wconf 89' lang='lat' dir='ltr'><strong>apud</strong></span> <span class='ocrx_word' id='word_1_268' title='bbox 730 4555 1067 4633; x_wconf 79' lang='lat' dir='ltr'><strong>westmonasterium,</strong></span> <span class='ocrx_word' id='word_1_269' title='bbox 1103 4557 1139 4620; x_wconf 91' lang='lat' dir='ltr'><strong>in</strong></span> <span class='ocrx_word' id='word_1_270' title='bbox 1177 4557 1302 4621; x_wconf 86' lang='lat' dir='ltr'><strong>octabis</strong></span> <span class='ocrx_word' id='word_1_271' title='bbox 1347 4555 1462 4622; x_wconf 89' lang='lat' dir='ltr'><strong>Sancti</strong></span> 
     </span>
    </p>
   </div>
   <div class='ocr_carea' id='block_1_5' title="bbox 407 4656 1462 4752">
    <p class='ocr_par' dir='ltr' id='par_1_6' title="bbox 407 4656 1462 4752">
     <span class='ocr_line' id='line_1_37' title="bbox 407 4656 1462 4752; baseline 0.004 -34"><span class='ocrx_word' id='word_1_272' title='bbox 407 4656 542 4721; x_wconf 86' lang='lat' dir='ltr'><strong>Hillarii</strong></span> <span class='ocrx_word' id='word_1_273' title='bbox 566 4657 714 4743; x_wconf 84' lang='lat' dir='ltr'><strong>proximo</strong></span> <span class='ocrx_word' id='word_1_274' title='bbox 730 4658 859 4747; x_wconf 75' lang='lat' dir='ltr'><strong>futuris,</strong></span> <span class='ocrx_word' id='word_1_275' title='bbox 884 4659 1073 4737; x_wconf 87' lang='lat' dir='ltr'><strong>tenendum,</strong></span> <span class='ocrx_word' id='word_1_276' title='bbox 1096 4659 1139 4722; x_wconf 89' lang='lat' dir='ltr'><strong>ad</strong></span> <span class='ocrx_word' id='word_1_277' title='bbox 1162 4659 1251 4744; x_wconf 91' lang='lat' dir='ltr'><strong>quod</strong></span> <span class='ocrx_word' id='word_1_278' title='bbox 1274 4680 1333 4752; x_wconf 89' lang='lat' dir='ltr'><strong>vos</strong></span> <span class='ocrx_word' id='word_1_279' title='bbox 1355 4679 1462 4745; x_wconf 90' lang='lat' dir='ltr'><strong>nuper</strong></span> 
     </span>
    </p>
   </div>
   <div class='ocr_carea' id='block_1_6' title="bbox 0 0 1800 5712">
    <p class='ocr_par' dir='ltr' id='par_1_7' title="bbox 0 0 1800 5712">
     <span class='ocr_line' id='line_1_38' title="bbox 0 0 1800 5712; baseline 0 0"><span class='ocrx_word' id='word_1_280' title='bbox 0 0 1800 5712; x_wconf 95' lang='lat' dir='ltr'><strong> </strong></span> 
     </span>
    </p>
   </div>
  </div>
 </body>
</html>
