3564 5744
385 767 473 830 1150
565 775 765 826 aeorsreuu
788 772 990 823 eluermuu
1012 771 1255 822 nurnnuruss.

231 977 287 1022 ΑΒ·
295 980 353 1022 1³12
382 968 505 1034 divinae
534 968 718 1034 voluntatis
739 965 990 1052 beneplacitum,
1006 963 1180 1050 expirante
1202 963 1336 1042 ibidem,
1360 985 1436 1030 exe·
1451 977 1616 1030 lasum.

346 1133 348 1136 .
381 1075 510 1136 cutores
531 1071 568 1135 in
597 1071 669 1156 ipso
692 1072 890 1134 testamento
913 1066 1096 1151 conscripti,
1119 1086 1158 1130 ac
1179 1065 1331 1129 nonnulli
1353 1067 1434 1132 fam-

381 1171 491 1238 iliares
513 1172 616 1260 ipsius
637 1171 767 1250 nobilis,
783 1169 950 1256 cupientes
972 1173 1020 1246 ut,
1038 1169 1140 1254 juxte
1155 1168 1260 1253 ipsius
1283 1169 1430 1236 defuncti

382 1275 597 1352 voluntatem,
612 1295 728 1360 corpus
751 1270 821 1357 ejus
844 1270 880 1334 in
902 1270 991 1334 dicto
1014 1269 1208 1355 sepeliretur
1232 1273 1427 1351 coemeterio,

381 1377 623 1442 considerantes
653 1395 768 1460 corpus
800 1371 1012 1458 sepedictum
1046 1371 1178 1450 ibidem,
1202 1377 1339 1458 propter
1367 1374 1430 1440 loci

381 1477 582 1556 distantiam,
612 1481 647 1542 et
675 1475 821 1540 hostium
862 1472 1060 1559 periculosas
1093 1473 1231 1538 insidias
1262 1461 1428 1562 integrum

380 1601 472 1666 posse
494 1578 629 1644 minime
652 1576 825 1664 deportari,
856 1595 972 1661 corpus
995 1575 1189 1662 praedictum
1219 1581 1341 1661 praeter
1371 1599 1428 1643 ve-

380 1681 544 1745 luntatem
583 1684 617 1744 et
655 1676 903 1765 dispositionem
939 1676 1043 1763 ipsius
1073 1676 1228 1755 defuncti,
1260 1678 1429 1746 frustatim

381 1783 595 1858 concidentes,
610 1781 694 1845 illud
717 1778 811 1866 aquis
833 1778 1073 1856 immerserunt,
1089 1778 1222 1864 ignibus
1245 1769 1449 1868 decoquere?

380 1885 469 1962 dum,
503 1906 548 1963 ac,
580 1882 687 1949 carnis
721 1884 911 1968 tegumento
943 1902 1077 1946 excusso
1112 1881 1155 1945 ab
1188 1881 1322 1959 ossibus,
1357 1906 1429 1950 ossa

380 1986 452 2074 ipsa
488 1987 656 2070 hucusque
694 1986 905 2050 retinuerunt
926 1981 1060 2059 ibidem,
1099 1988 1233 2068 propter
1273 1983 1418 2050 hostium

380 2089 526 2175 ipsorum
552 2087 697 2174 pericula
719 2107 786 2151 non
808 2085 946 2171 sepulta,
967 2085 1155 2170 ignorantes
1185 2085 1318 2171 penitus
1341 2085 1428 2152 Oon·

380 2191 565 2258 stitutionis
594 2187 850 2277 prohibitionem
881 2187 980 2252 editae
1009 2192 1124 2253 contre
1147 2187 1237 2252 tales.
1283 2189 1433 2274 Cumque

380 2293 587 2379 postmodum
620 2291 721 2355 iidem
758 2301 946 2356 executores
979 2293 1014 2352 et
1042 2286 1228 2366 familiares,
1250 2290 1432 2374 peritorum

380 2394 566 2471 assertione,
588 2392 640 2458 sui
675 2413 825 2457 excessus
852 2389 1008 2455 notitiam
1031 2389 1329 2476 apprehenderunt,
1352 2413 1430 2478 sup-

380 2496 494 2582 plicari
516 2495 665 2560 fecerunt
686 2493 862 2570 humiliter,
878 2494 918 2556 ut
940 2490 987 2555 eis
1008 2491 1073 2575 qui,
1089 2495 1224 2576 propter
1238 2513 1284 2568 ea,
1301 2512 1432 2558 exeom-

379 2597 612 2662 municationis
634 2595 841 2671 sententiam,
865 2614 907 2658 ex
929 2596 1042 2656 tencre
1066 2590 1323 2658 Constitutionis
1346 2617 1430 2680 prae·

380 2698 486 2775 dictae,
501 2697 719 2773 inernrerunt,
734 2695 775 2760 de
790 2693 1005 2760 absolutionis
1019 2692 1185 2770 beneficio,
1202 2692 1296 2758 ac'ne
1313 2716 1430 2782 corpus

380 2798 478 2876 illius,
502 2797 598 2884 quod,
621 2803 742 2884 praeter
764 2797 869 2884 ipsius
893 2795 1095 2873 mandatum,
1126 2796 1173 2861 sic
1202 2796 1429 2864 inhumaniter

378 2904 557 2964 tractatum
590 2899 712 2976 extitit,
736 2898 906 2984 sepultura
938 2917 1049 2962 carens
1080 2897 1297 2964 ecclesiastica
1317 2901 1429 2986 puniri

379 3001 532 3065 videatur
554 2999 624 3064 sine
655 3000 758 3084 culpa,
781 2999 873 3064 sedes
905 2998 1081 3085 apostolica
1110 2999 1283 3086 providere
1306 3001 1429 3067 salubri

379 3100 513 3167 consilio
544 3099 798 3166 misericorditer
831 3099 1031 3186 dignaretur.
1076 3099 1148 3165 Nos
1177 3100 1288 3187 igitur,
1312 3103 1426 3169 volens

377 3202 616 3289 poenitentibus
637 3201 870 3288 poenitentiam
900 3223 968 3267 non
997 3223 1125 3288 negare,
1148 3224 1185 3266 ac
1215 3225 1314 3290 super
1346 3226 1429 3291 pree·

378 3304 493 3383 missis,
516 3310 679 3390 quantum
705 3323 778 3368 cum
802 3303 874 3368 Deo
897 3303 1066 3389 possimus,
1090 3324 1233 3392 congruo
1255 3305 1428 3391 providere

377 3406 530 3485 remedio,
553 3405 750 3472 auctoritato
773 3403 898 3468 domini
930 3425 1033 3490 papae,
1056 3405 1149 3491 cujus
1172 3407 1427 3492 poenitentieriee

378 3530 489 3574 curam
529 3509 681 3595 gerimus,
712 3512 831 3571 vestrae
864 3505 1146 3592 circumspectioni
1181 3509 1427 3590 committimus,

378 3616 549 3697 quatenus,
565 3609 593 3673 si
608 3615 659 3674 est
674 3609 730 3686 ita,
746 3608 875 3673 eosdem
891 3613 1080 3676 executores
1095 3615 1130 3673 et
1143 3609 1329 3687 familiares,
1345 3631 1426 3695 quos

378 3735 419 3777 ex
442 3713 619 3799 praemissis
642 3710 988 3776 excommunicationis
1011 3712 1209 3776 seutentiam
1232 3713 1427 3778 inveneritis

376 3815 559 3890 incurrisse,
582 3813 625 3877 ab
648 3812 760 3878 eadem
783 3811 957 3889 sententia,
976 3811 1079 3896 juxta
1100 3812 1239 3878 formam
1263 3814 1443 3893 Ecclesiae·

376 3915 563 3996 absolvatis,
581 3919 615 3978 et
641 3913 824 4000 injungatis
846 3913 924 3978 inde
947 3934 1060 3979 eorum
1082 3914 1218 3980 cuilibet
1249 3939 1308 4002 pro
1330 3917 1427 3981 modo

376 4018 489 4103 culpae,
512 4016 739 4103 poeniteutiam
763 4015 950 4092 salutarem,
973 4019 1008 4079 et
1031 4015 1098 4080 alia
1123 4038 1198 4101 quse
1221 4017 1268 4082 eis
1291 4016 1427 4103 dejure

375 4119 501 4184 fuerint
523 4117 747 4204 injungenda3
780 4138 818 4182 ac
842 4138 915 4182 ossa
937 4116 1088 4203 praedicti
1121 4119 1269 4184 defrmcti
1301 4120 1428 4187 faciatis

375 4223 412 4286 in
434 4222 522 4287 dicto
545 4219 779 4284 Duuolmensis
802 4219 945 4284 ecelesiae
975 4221 1171 4298 coemeterio,
1196 4222 1225 4286 si
1247 4222 1338 4286 aliud
1360 4244 1428 4286 non

376 4323 516 4388 obsistat
538 4321 739 4399 canonicum,
762 4320 873 4385 debite
895 4321 1062 4402 tumulari,
1086 4322 1254 4408 ipsiusque
1281 4323 1427 4388 animem

375 4425 522 4490 fidelium
546 4423 711 4510 suffragiis
734 4423 895 4508 adjuvari.
947 4423 1072 4489 Datum
1096 4424 1243 4504 Viennae,
1265 4425 1325 4492 v20.
1351 4424 1427 4490 idus

376 4525 573 4602 Decembris,
611 4525 824 4611 pontificatus
862 4525 988 4591 domini
1021 4525 1211 4606 Clementis,
1240 4549 1342 4614 papae,
1374 4523 1423 4603 vi,

375 4649 464 4693 anno
486 4629 633 4712 septimo.
