3530 5708
405 791 470 854 852
585 804 785 854 esorsruuu
807 803 1010 852 elmrmuu
1034 801 1277 851 nuueuumss

253 1009 376 1056 annu
406 990 565 1056 riatarum
589 991 746 1070 redditus,
770 1011 845 1058 eum
861 990 1079 1078 pertinentiis,
1095 989 1133 1054 in
1155 989 1313 1067 Mordon’,
1336 992 1371 1054 et
1392 992 1629 1053 ter-mem·

406 1091 489 1158 tiam
521 1097 650 1179 partem
679 1094 819 1158 duarum
850 1091 995 1179 partium
1018 1090 1161 1157 duorum
1192 1091 1459 1178 messuagiorum,

407 1200 442 1260 et
464 1195 603 1261 duarum
636 1195 781 1281 partium
812 1193 953 1260 duarum
987 1214 1137 1260 aerarum
1170 1199 1268 1260 terrae
1297 1197 1332 1258 et
1360 1192 1460 1257 unius

407 1297 597 1376 molendini,
619 1318 694 1362 oum
716 1295 936 1383 pertinentiis,
957 1295 994 1360 in
1016 1295 1131 1362 eadem
1154 1295 1245 1372 villa,
1267 1299 1302 1360 et
1323 1295 1459 1360 tertiam

408 1405 536 1486 partem
558 1402 701 1486 quatuor
726 1397 922 1464 libratarum
952 1402 987 1463 et
1016 1396 1128 1463 deeem
1150 1396 1365 1462 solidatorum
1386 1395 1460 1462 red·

408 1503 506 1580 ditus,
531 1522 605 1567 oum
628 1499 845 1586 pertinentiis,
861 1500 898 1564 in
914 1498 1095 1578 Shirburn',
1111 1499 1287 1565 Burslades
1309 1503 1345 1564 et
1366 1498 1460 1563 Dun-

409 1602 502 1682 elmo,
518 1607 554 1668 et
568 1601 668 1668 etiam
683 1601 818 1666 tertiam
833 1605 963 1688 partem
978 1601 1120 1666 duarum
1135 1601 1281 1688 partium
1296 1601 1461 1666 manerio·

407 1726 483 1769 rum
498 1703 540 1769 do
555 1702 750 1768 Thomlawe
764 1707 799 1766 et
813 1702 855 1768 de
871 1701 1137 1780 Kouekeheved',
1151 1723 1227 1768 oum
1242 1701 1461 1789 pertinentiis,

407 1810 448 1871 ut
463 1805 575 1870 dotem
596 1825 699 1886 uram,
723 1824 797 1890 quse
818 1825 892 1870 eam
914 1804 1056 1892 contigit
1082 1805 1123 1870 de
1145 1804 1249 1870 libero
1271 1808 1461 1869 tenemento

409 1907 496 1992 quod
518 1906 584 1973 fuit
605 1907 756 1994 praedieti
771 1906 915 1989 Rieardi,
932 1908 1100 1992 quondam
1114 1907 1181 1972 viri
1203 1907 1264 1987 sui,
1279 1907 1315 1971 in
1338 1906 1460 1972 eisdem

408 2009 519 2089 villis;
552 2013 587 2075 et
620 2009 708 2074 unde
731 2007 925 2088 Willelmus,
955 2007 1137 2077 Nioholaus
1159 2013 1194 2075 et
1215 2010 1385 2076 «lohannes
1419 2009 1461 2075 de

409 2111 566 2192 Kellawe,
590 2110 627 2175 in
658 2110 773 2176 eadem
807 2111 898 2176 ouria
927 2111 1180 2197 respondissent,
1202 2111 1308 2198 ipsam
1341 2111 1459 2176 loram

409 2213 520 2278 dotem
543 2211 620 2278 inde
643 2211 762 2278 habere
792 2233 859 2276 non
889 2212 1016 2294 debere,
1038 2233 1077 2278 eo
1106 2211 1196 2298 quod
1224 2213 1298 2299 ipsa
1323 2212 1461 2299 praefato

409 2313 550 2380 Ricardo
572 2335 743 2400 nunquam
758 2313 825 2378 fuit
839 2315 988 2401 legitimo
1005 2313 1227 2392 matrimonio,
1243 2320 1283 2380 ut
1298 2314 1460 2394 dicebant,

408 2416 580 2502 oopulata3
602 2416 781 2502 eademque
796 2415 890 2494 Lora,
904 2415 1028 2481 ibidem
1043 2416 1224 2503 allegando,
1239 2415 1462 2502 proposuisset

409 2539 443 2582 se
466 2539 524 2604 per
549 2517 739 2603 hujusmodi
762 2539 954 2605 responsum
976 2518 1019 2585 ab
1041 2518 1171 2583 actione
1191 2517 1279 2583 dotis
1302 2540 1371 2584 suae
1394 2539 1462 2583 non

410 2620 527 2685 debere
554 2619 676 2706 repelli,
698 2640 737 2694 eo
771 2619 860 2705 quod
890 2620 964 2706 ipsa
996 2620 1033 2684 in
1063 2619 1198 2686 eoelesia
1231 2621 1273 2685 de
1306 2619 1461 2706 Ossebye,

410 2720 660 2806 Lynoolniensis
682 2721 840 2802 dioecesis,
857 2719 924 2786 fuit
954 2720 1060 2786 eidem
1089 2721 1232 2787 Rioardo
1256 2721 1460 2808 desponsata,

409 2825 445 2885 et
466 2819 554 2904 quod
577 2819 638 2886 hoe
664 2823 781 2906 parata
803 2824 863 2896 est,
882 2818 941 2884 ubi
963 2823 999 2886 et
1022 2821 1154 2905 quando
1176 2819 1338 2902 debuerit,
1354 2821 1462 2886 verifi-

409 2943 491 3000 care,
513 2941 551 2988 ao
581 2921 737 2986 discussio
759 2924 947 2986 oontraotus
977 2922 1181 2988 matrimonii
1209 2923 1246 2987 in
1272 2921 1460 3008 hujusmodi

408 3041 487 3088 casu
520 3023 563 3086 ad
600 3022 708 3108 ipsum
740 3022 926 3109 episeopum
961 3027 1098 3110 spectat,
1133 3025 1170 3089 in
1201 3024 1296 3110 eujus
1330 3024 1461 3090 dioeeesi

409 3124 656 3190 matrimonium
689 3123 774 3188 illud
803 3124 926 3189 dieitur
951 3124 1052 3193 fuisse
1074 3130 1289 3205 contractum,
1310 3130 1346 3192 et
1367 3131 1461 3192 noto·

409 3226 497 3291 rium
519 3227 564 3292 sit
587 3227 675 3311 quod
697 3225 786 3291 diota
807 3225 957 3291 dioecesis
980 3225 1230 3312 Lynoolniensis
1252 3233 1349 3294 extra
1375 3227 1462 3292 lirni-

410 3331 461 3393 tes
482 3327 647 3394 libertatis
668 3331 789 3393 vestrae
815 3326 981 3412 praedictae
1005 3329 1129 3406 existit,
1153 3333 1188 3393 et
1209 3329 1305 3394 nobis
1328 3329 1462 3395 subdita

411 3430 448 3494 in
479 3430 542 3495 hae
570 3433 688 3516 parte:
725 3449 785 3515 per
818 3428 907 3514 quod
940 3449 1009 3507 nos,
1032 3429 1091 3514 qui
1113 3429 1253 3517 singulis
1287 3431 1328 3496 de
1361 3452 1461 3517 regno

411 3535 524 3596 nostro
547 3552 658 3597 sumus
679 3531 717 3596 in
730 3529 936 3595 exhibitione
954 3529 1097 3614 justitiae
1120 3531 1293 3609 debitores,
1313 3532 1462 3616 prefata

412 3633 513 3712 Lorae,
537 3632 573 3696 in
607 3631 791 3719 praemissis,
814 3631 850 3696 in
878 3631 1013 3715 justitia
1039 3631 1228 3698 exhibenda
1261 3632 1370 3698 deesse
1393 3653 1462 3698 non

412 3754 593 3820 possumus,
615 3753 675 3798 neo
697 3732 872 3810 debemus;
905 3732 1002 3798 vobis
1027 3733 1230 3814 mandamus,
1247 3735 1334 3820 quod
1361 3734 1391 3799 si
1413 3735 1462 3801 ita

412 3838 471 3914 est,
486 3839 568 3901 tune
589 3834 758 3900 recordum
780 3838 815 3900 et
828 3855 1014 3920 processum
1036 3834 1175 3920 loquelae
1196 3838 1372 3924 praediotae,
1388 3859 1462 3903 oum

412 3936 566 4002 omnibus
600 3957 640 4001 oa
672 3935 886 4020 tangentibus
914 3935 1110 4021 justiciariis
1135 3939 1257 4004 nostris
1289 3941 1330 4005 ds
1353 3941 1462 4006 Bnnoo

412 4039 565 4116 mittatis,
585 4041 620 4102 et
642 4037 703 4102 hoo
717 4035 818 4102 breve
832 4061 840 4117 ;
862 4037 911 4102 ita
925 4038 1014 4122 quod
1029 4059 1068 4104 ea
1081 4038 1235 4121 habeant,
1251 4041 1340 4128 apud
1355 4041 1463 4106 West-

413 4138 657 4218 monasterium,
686 4139 723 4202 in
760 4138 885 4204 octabis
929 4137 1061 4206 Sanctae
1099 4140 1275 4209 Trinitatis
1312 4144 1463 4229 proximo

412 4242 543 4322 futmae,
565 4245 606 4306 ut
638 4241 712 4334 ipsi,
733 4240 891 4327 inspeetis
924 4241 1047 4306 eisdem
1081 4244 1216 4310 recordo
1243 4249 1277 4310 et
1302 4266 1461 4332 processu,

414 4343 566 4429 partibus
588 4342 727 4407 ulterius
748 4342 827 4407 inde
849 4341 973 4407 faciant
995 4343 1086 4428 quod
1104 4345 1144 4410 de
1163 4345 1240 4430 jure
1262 4345 1364 4412 fuerit
1386 4347 1464 4413 iasi-

414 4446 544 4510 endum.
590 4444 636 4508 Et
657 4445 739 4509 seire
761 4444 890 4509 faciatis
916 4445 1082 4532 praediotis
1106 4447 1281 4526 Willelmo,
1304 4447 1463 4513 Nioholao

414 4550 449 4609 et
471 4545 494 4608 J
496 4545 626 4623 ohanni,
650 4546 692 4611 da
715 4544 872 4625 Kellawe,
895 4547 985 4631 quod
1015 4547 1084 4612 sint
1114 4548 1163 4612 ibi
1185 4549 1228 4614 ad
1250 4548 1337 4615 diem
1360 4551 1462 4628 illum,

415 4665 512 4730 quem
535 4645 621 4710 diem
645 4646 794 4730 praefatae
819 4647 912 4712 Loree
933 4669 1032 4732 super
1060 4649 1122 4715 hoo
1145 4650 1304 4730 dedimus,
1319 4652 1363 4717 ad
1384 4652 1463 4718 faoi-
