3570 5718
391 807 456 876 906
578 819 777 873 aaursramr
798 817 1000 870 rmsrmvu
1021 813 1265 868 nuumumsa

240 1028 364 1074 aunan
392 1025 475 1075 Breve
485 1022 581 1102 domins
592 1021 658 1088 regu
736 1009 918 1076 Edwardus
954 1011 1011 1073 etc.
1058 1005 1178 1073 Sciatis
1201 1007 1289 1090 quod
1318 1025 1378 1072 nos
1408 1007 1616 1073 inmspuaa

223 1091 356 1204 Qlssff'
393 1098 659 1208 ‘ffimfflmss
692 1114 783 1180 curia
813 1115 933 1190 nostra,
958 1130 1066 1177 coram
1089 1108 1284 1195 justiciariis
1314 1108 1443 1190 nostris,

224 1193 365 1304 diuidiae
394 1223 517 1275 wirma.
691 1215 781 1303 apud
820 1212 1156 1289 westmonasterium,
1180 1211 1443 1299 recuperavimus

224 1291 331 1338 ΨΜ
393 1321 679 1412 praesentationem
703 1324 851 1385 nostram
876 1339 991 1383 versus
1020 1316 1213 1404 magistrum
1242 1316 1443 1382 Willelmum

394 1427 435 1491 de
459 1423 653 1511 Wyrkesal',
676 1422 718 1488 ad
733 1420 891 1488 vicariam
914 1419 1055 1486 ecclesiae
1074 1419 1119 1490 ‚de
1142 1416 1371 1495 Hertebourn',
1386 1439 1444 1505 per

393 1526 550 1593 defaltum
566 1526 670 1612 ipsius
695 1523 844 1610 magistri
865 1521 1029 1587 Willelmi.
1076 1519 1121 1586 Et
1143 1519 1216 1586 ideo
1237 1520 1331 1585 vobis
1354 1541 1444 1586 man·

398 1631 524 1706 damus,
539 1627 634 1713 quod,
651 1648 718 1691 non
733 1624 885 1690 obstante
900 1623 1128 1691 reclamatione
1137 1621 1286 1710 praedicti
1295 1623 1444 1709 magistri

394 1729 559 1806 Willelmi,
575 1730 618 1793 ad
644 1727 930 1815 praesentationem
955 1730 1110 1802 nostram,
1123 1725 1166 1790 ad
1181 1724 1338 1791 vicariam
1360 1747 1443 1812 prae·

393 1831 516 1898 dictam
555 1831 706 1895 idoneam
742 1848 915 1915 personam
954 1827 1149 1894 admittatis.
1194 1827 1298 1907 Teste,
1321 1825 1372 1894 W.
1403 1827 1443 1892 de

393 1932 538 2010 Berford,
553 1932 644 2019 apud
654 1929 990 2008 westmonasterium,
1006 1925 1053 1996 x⁰.
1069 1929 1122 1994 die
1145 1926 1342 2008 Decembris,
1358 1949 1443 1994 anno

393 2033 485 2123 regni
507 2032 612 2100 nostri
634 2037 735 2100 sexte.
872 2091 878 2102 .

225 2263 375 2310 noeofwfl.
549 2299 555 2312 ,
669 2232 862 2312 Willelmus,
913 2232 1174 2320 archiepiscopus
1223 2232 1443 2311 Eboracensia,

224 2313 360 2417 ihitffi'
393 2301 580 2354 thmbm'
626 2336 845 2402 summonitus
868 2336 935 2400 fuit
956 2335 998 2402 ad
1023 2336 1285 2423 respondendum
1311 2334 1443 2400 domino

224 2413 463 2558 {gffll'regi
489 2439 530 2502 de
552 2439 681 2526 placito,
705 2438 792 2524 quod
813 2438 987 2526 permittat
1000 2438 1109 2525 ipsum
1124 2459 1231 2525 regem
1247 2443 1444 2524 prasentare

224 2515 380 2659 indigi?
392 2538 543 2607 idoneam
569 2560 741 2628 personam
768 2540 811 2605 ad
835 2539 992 2605 vicariam
1015 2539 1157 2605 ecclesiae
1177 2539 1218 2604 de
1244 2538 1443 2605 Herteburn'

224 2613 298 2660 ΗΘΜ
315 2627 366 2661 ¹²³¹·
392 2662 466 2727 quae
489 2647 594 2720 vacat,
609 2647 644 2707 et
665 2643 708 2706 ad
723 2641 826 2728 ipsius
840 2641 925 2728 regis
941 2645 1068 2728 spectat
1083 2640 1302 2720 donationem,
1317 2641 1444 2706 ratione

392 2743 598 2829 episcopatus
633 2742 865 2808 Dunelmensis
895 2765 1002 2830 nuper
1023 2743 1180 2825 vacantis,
1211 2747 1245 2809 et
1275 2743 1313 2808 in
1343 2764 1445 2810 manu

392 2845 496 2932 ipsius
531 2845 616 2934 regis
651 2845 825 2910 existentis
862 2849 920 2912 etc.
967 2845 1012 2909 Et
1049 2845 1137 2910 unde
1178 2843 1362 2911 Willelmus
1402 2847 1444 2912 de

391 2947 565 3034 hangeley,
582 2947 640 3033 qui
664 2946 813 3034 sequitur
835 2968 894 3034 pro
917 2947 1049 3012 domino
1071 2969 1155 3034 rege,
1171 2947 1252 3014 dicit
1267 2948 1355 3034 quod
1370 2949 1444 3033 qui·

391 3049 468 3114 dam
498 3048 663 3115 Robertus
694 3049 735 3115 de
770 3049 891 3128 Insula,
923 3049 1088 3134 quondam
1119 3049 1289 3137 episcopus
1318 3049 1443 3116 Dunel-

390 3149 521 3228 mensis,
543 3149 609 3215 fuit
631 3149 761 3216 saisitus
795 3149 836 3216 de
866 3150 1081 3216 advocatione
1104 3150 1234 3217 vicariae
1268 3151 1444 3238 praedictae,

392 3256 432 3317 ut
454 3253 495 3319 de
513 3253 588 3340 jure
612 3256 807 3339 patronatus
833 3253 1038 3340 episcopatus
1054 3251 1105 3316 sui
1120 3253 1269 3338 praedicti
1280 3278 1288 3334 3
1313 3253 1371 3340 qui
1394 3253 1444 3318 vi-

392 3357 513 3422 cariam
536 3356 627 3422 illam
659 3355 800 3423 contulit
831 3355 961 3422 cuidam
995 3353 1129 3421 Thomas
1160 3355 1201 3420 de
1225 3355 1443 3444 Heryngton’,

394 3459 453 3542 qui
475 3480 534 3545 per
556 3458 760 3526 collationem
784 3477 877 3523 suam
908 3456 974 3522 fuit
1007 3457 1181 3524 institutus
1207 3464 1276 3537 etc,
1297 3464 1444 3546 tempore

391 3560 488 3646 pacis,
514 3565 659 3646 tempore
685 3559 811 3625 domini
832 3558 988 3624 Edwardi
1010 3559 1104 3646 regis,
1124 3560 1228 3646 patris
1250 3561 1335 3646 regis
1357 3583 1445 3628 nunc

393 3666 451 3726 etc.
498 3660 544 3724 Et
566 3661 656 3738 dicit,
679 3661 774 3746 quod,
799 3665 874 3747 post
896 3665 1035 3726 mortem
1057 3661 1139 3726 dieti
1152 3661 1287 3727 Roberti
1303 3663 1445 3751 episcopi

392 3768 460 3844 etc,
479 3763 634 3828 successit
654 3761 692 3826 in
716 3763 905 3849 episcopatu
919 3762 1076 3849 praedicto
1091 3765 1257 3847 quondam
1279 3765 1445 3831 Antonius

392 3865 562 3953 episcopus
585 3869 654 3946 etc,
669 3870 745 3951 post
765 3871 904 3931 mortem
927 3863 1032 3950 cujus,
1046 3865 1253 3952 episcopatus
1268 3868 1445 3954 praedictus

391 3967 527 4034 devenit
558 3966 595 4031 in
626 3967 779 4032 saisinam
812 3967 939 4032 domini
975 3968 1073 4056 regis,
1103 3969 1231 4037 ratione
1262 3970 1444 4037 vacationis

391 4071 595 4158 episcopatus
618 4069 775 4156 praedicti.
821 4068 866 4134 Et
899 4069 971 4156 ipso
1004 4070 1191 4157 episcopatu
1213 4053 1259 4139 sih
1296 4077 1444 4151 vacante,

393 4177 427 4238 et
458 4173 495 4237 in
525 4192 626 4236 manu
658 4171 762 4258 ipsius
795 4171 881 4259 regis
918 4172 1090 4251 existente,
1122 4174 1255 4240 vacavit
1287 4175 1445 4261 praedicta

392 4273 524 4356 vicaria,
539 4295 597 4361 per
631 4279 772 4340 mortem
805 4273 955 4362 praedicti
990 4274 1132 4356 Thomas,
1156 4275 1272 4342 vicarii
1294 4281 1354 4344 etc
1400 4279 1446 4344 Et

394 4399 432 4444 ea
454 4378 582 4443 ratione
604 4377 647 4442 ad
670 4376 779 4463 ipsum
801 4397 911 4464 regem
943 4377 1087 4464 pertinet
1108 4377 1151 4442 ad
1173 4377 1364 4465 praeuioum
1394 4381 1444 4446 vi·

397 4479 517 4545 canam
551 4485 750 4566 praesentare
782 4481 841 4544 etc.
887 4479 1070 4545 Praedictus
1101 4479 1362 4568 archiepiscopus
1394 4482 1445 4569 ip·

392 4602 466 4644 sum
489 4601 597 4666 regern
622 4580 744 4666 injusta
775 4579 915 4666 impedit
948 4585 1006 4648 etc
1054 4581 1100 4645 Et
1131 4582 1193 4647 hoo
1225 4587 1360 4667 paratus
1394 4588 1444 4648 est

391 4680 558 4748 verificare
604 4703 661 4768 pro
699 4681 831 4747 domino
864 4703 947 4769 rege.
1007 4683 1051 4750 Et
1084 4683 1352 4772 archiepiscopus,
1385 4707 1444 4773 per
