3502 6108
522 455 720 507 ansrsmuu
743 456 945 508 assemsum
967 458 1209 509 nuusmuuss.
1304 447 1390 512 1259

176 637 421 715 tultriacpace
444 632 479 693 et
502 630 563 694 sub
594 630 717 696 endem
739 630 856 695 verbis.
902 632 1030 699 Datum
1053 633 1115 713 die,
1138 657 1225 701 anno
1248 641 1282 702 et
1312 638 1390 716 loco,
1420 657 1542 704 anans

342 731 546 818 supradictis.
1403 721 1546 824 &sarver-

344 965 421 1018 οη,
439 967 471 1016 ae
493 966 608 1017 cessone
685 935 853 1014 Ricardue,
876 939 1089 1025 permissione
1119 939 1242 1020 divina,
1266 942 1392 1008 Dunol-
1404 956 1513 1002 sanato

342 1031 449 1084 ¹¹⁸⁰¹⁰ffi⁸
476 1031 544 1082 111ῧὸ
573 1049 606 1083 a-
640 1037 760 1103 mensis
783 1039 961 1128 episcopus,
977 1041 1129 1108 omnibus
1145 1043 1187 1108 ad
1211 1065 1292 1128 quos
1308 1067 1431 1160 prae-h
1403 1007 1550 1111 sociiis

340 1105 419 1149 tatem
470 1099 606 1160 existentis,

341 1163 409 1214 aare
432 1166 547 1216 waltero
574 1167 605 1216 ue
638 1147 747 1206 sentes
783 1141 890 1208 literae
926 1144 1145 1230 pervenerint,
1183 1145 1365 1211 salutem
1355 1168 1391 1210 m
1403 1107 1561 1254 Ξῐὲὴὴῡὼ

343 1231 397 1283 ⁰⁰⁸
368 1232 500 1297 osewys’.
639 1242 788 1308 Domino.
836 1243 956 1310 Sciatis
988 1244 1076 1332 quod
1102 1247 1319 1312 concessimus
1342 1247 1391 1313 di·
1405 1259 1529 1303 munda

340 1346 423 1410 lecto
446 1349 481 1411 et
512 1345 601 1411 fideli
632 1349 708 1411 nost
709 1367 745 1411 ro
693 1345 914 1412 tWaltero
937 1347 978 1412 de
1002 1347 1185 1434 Gosewyk’,
1208 1348 1391 1415 custodiam
1404 1309 1556 1405 ddfflffl

340 1447 488 1513 omnium
519 1454 681 1514 terrarum
712 1453 747 1513 et
777 1453 1039 1515 tenementorum
1071 1472 1145 1535 quae
1168 1450 1304 1516 fuerunt
1325 1453 1389 1517 Ro-

340 1551 426 1615 berti
448 1551 490 1616 de
519 1550 729 1638 Epplingden
760 1550 913 1630 defuncti,
943 1553 1031 1618 infra
1059 1552 1246 1619 libertatem
1269 1555 1390 1640 episco-

340 1658 439 1739 patus
460 1654 702 1730 Dunolmensis,
724 1675 791 1719 una
816 1675 892 1721 cum
921 1655 1095 1741 maritagio
1117 1655 1251 1722 Thomae
1273 1657 1334 1722 filii
1356 1663 1391 1723 et

340 1755 481 1822 haeredis
511 1756 657 1842 ejusdem
689 1755 834 1834 liuberti,
856 1756 926 1821 sine
957 1757 1222 1844 disparagatione
1245 1760 1389 1846 ejusdem
1484 1747 1489 1755 ¹

340 1858 502 1936 haeredis3
525 1858 713 1924 habendum
735 1863 770 1923 et
784 1859 963 1924 tenendum
986 1858 1177 1945 praedictam
1199 1861 1390 1940 custodiam,

340 1961 439 2026 simul
477 1983 551 2027 cum
589 1959 763 2046 maritagio
797 1960 963 2045 praedicto,
996 1981 1100 2046 usque
1131 1961 1174 2025 ad
1211 1962 1391 2050 legitimam

341 2067 475 2129 aetatem
506 2062 657 2149 praedicti
688 2061 835 2128 haeredis.
900 2061 995 2128 Etsi
1026 2063 1197 2150 contingat
1223 2066 1311 2150 quod
1332 2065 1391 2132 Jo-

340 2168 459 2246 hanna,
482 2189 556 2255 quae
577 2166 644 2231 fuit
666 2187 750 2232 uxor
774 2166 924 2252 praedicti
941 2166 1078 2231 Robarti
1100 2168 1141 2231 de
1163 2167 1391 2256 Epplingden’,

342 2271 470 2349 obierit,
491 2269 650 2357 praedicto
671 2267 801 2334 haerede
832 2268 919 2334 infra
948 2273 1081 2334 aetatem
1105 2269 1275 2352 existente,
1299 2272 1391 2337 volu-

340 2395 414 2438 mus
436 2377 470 2438 et
492 2371 707 2451 concedimus,
734 2393 794 2457 pro
818 2371 912 2436 nobis
943 2374 977 2435 et
1003 2372 1240 2437 successoribus
1261 2375 1391 2452 nostris,
1453 2401 1458 2409 ·

340 2474 428 2560 quod
450 2474 627 2561 praedictus
650 2473 823 2550 Walterus,
845 2471 991 2537 haeredes
1014 2478 1048 2537 et
1070 2473 1229 2560 assignati
1251 2474 1310 2554 sui,
1333 2476 1391 2542 ha-

339 2578 441 2642 beant
471 2576 653 2643 custodiam
686 2573 833 2638 omnium
867 2577 1029 2639 terrarum
1063 2578 1097 2638 et
1128 2581 1390 2642 tenementorum

339 2701 414 2765 quae
436 2679 594 2765 praedicta
616 2675 771 2742 Johanna
800 2675 911 2740 tenuit
940 2675 976 2738 in
999 2675 1110 2740 dotem
1133 2676 1173 2741 de
1195 2676 1390 2744 haereditate

338 2780 488 2868 praedicti
510 2779 658 2858 haeredis,
681 2778 851 2864 usquead
877 2776 1059 2864 legitimam
1082 2783 1215 2845 aetatem
1238 2781 1389 2866 praedicti

337 2884 486 2962 haeredis,
509 2888 544 2948 et
565 2884 618 2964 sic,
639 2883 681 2947 de
711 2881 840 2946 haerede
863 2879 900 2944 in
925 2879 1097 2958 heredem,
1119 2882 1302 2948 custodiam
1324 2888 1389 2948 ter-

338 3007 448 3052 rarum
480 2984 720 3072 praedictarum,
743 2989 778 3048 et
810 2981 1024 3068 maritagium
1054 2983 1283 3070 cujuscunque,
1311 3007 1391 3071 quo·

339 3109 442 3173 usque
464 3087 583 3173 aliquis
604 3086 708 3152 haeres
729 3084 896 3171 praedictae
927 3084 1131 3150 haereditatis
1161 3086 1266 3172 plenae
1289 3087 1390 3154 fuerit

339 3190 456 3255 artatis.
502 3188 745 3256 -Ooucessimus
775 3185 878 3252 etiam
908 3185 1065 3272 praedicto
1087 3185 1232 3251 Waltero
1254 3189 1389 3255 marita·

338 3293 430 3379 gium
452 3291 618 3379 praedictae
641 3291 815 3370 Jchanuae,
838 3289 949 3355 viduae
964 3295 1105 3370 nostrae;
1132 3311 1231 3375 quam
1254 3291 1388 3376 quidem

338 3395 526 3461 Johannam
549 3395 700 3462 nolumus
728 3391 879 3458 maritari
905 3392 977 3457 sine
1006 3412 1138 3456 assensu
1160 3397 1194 3457 et
1215 3393 1387 3460 voluntate

295 3585 299 3596 ὓ
339 3499 488 3587 praedicti
498 3497 646 3578 Walteri,
658 3497 712 3562 vel
728 3495 817 3580 quod
831 3494 988 3581 praedictc
1000 3492 1146 3559 Waltero
1158 3495 1199 3558 de
1214 3496 1387 3581 maritagio

338 3623 398 3668 suo
412 3601 601 3682 satisfaciat,
614 3600 669 3665 vel
683 3601 723 3665 de
734 3598 943 3664 forisfactura
957 3617 1018 3661 sua
1033 3596 1139 3661 eidem
1150 3595 1295 3662 Waltero
1310 3599 1387 3666 inde

199 3745 203 3754 ·
338 3705 539 3791 respondeat.
586 3703 632 3770 Et
646 3723 706 3768 nos
720 3701 879 3789 praedicti,
895 3699 1065 3796 Ricardus,
1082 3698 1249 3784 episcopus
1264 3698 1388 3766 Dunol-

337 3806 466 3885 mensis,
482 3812 517 3871 et
538 3826 735 3871 successores
758 3803 864 3868 nostri
887 3802 997 3866 omnia
1023 3801 1182 3887 praedicta
1204 3802 1386 3868 custodiam

336 3915 499 3974 terrarum
530 3913 565 3974 et
598 3911 860 3972 tenementorum
891 3903 1131 3990 praedictorum,
1155 3909 1190 3967 et
1211 3905 1387 3992 maritagia

337 4010 476 4076 haeredis
502 4010 557 4076 vel
586 4009 753 4074 haeredum
784 4007 1025 4093 predictorum,
1048 4009 1082 4070 et
1115 4004 1279 4070 Johannae
1300 4029 1384 4092 prae·

336 4113 444 4192 dictae,
467 4114 503 4178 in
533 4113 638 4178 forma
666 4109 831 4197 praedicta,
858 4108 996 4197 praefato
1022 4107 1176 4186 Waltero,
1199 4107 1385 4174 haeredibus

335 4216 389 4280 vel
410 4215 585 4303 assignatis
608 4213 683 4291 suia,
706 4211 996 4278 warantizabimus
1022 4213 1056 4275 et
1079 4209 1296 4276 defendemus.
1344 4211 1385 4275 ln

335 4318 429 4403 cujus
461 4318 510 4384 rei
540 4316 777 4392 testimonium,
811 4313 955 4401 sigillum
987 4318 1136 4378 nostrum
1166 4313 1384 4400 praesentibus
