3564 5744
393 755 480 816 1138
574 767 774 818 auotsrauu
797 767 1000 819 raus'rruou
1022 769 1265 830 oounuuuusu

241 975 364 1021 rursu.
392 960 550 1042 perpetuo
579 955 781 1034 duraturam,
812 956 1024 1043 inspeximus,
1047 957 1083 1020 in
1112 955 1184 1022 haec
1209 956 1450 1022 verbas-An·
1467 970 1635 1024 suanm

392 1057 513 1134 tonius,
551 1056 763 1144 permissione
809 1059 933 1137 divina,
980 1058 1113 1124 Sanctae
1160 1057 1450 1125 Jerosolomitanoe

394 1160 537 1226 ecclesiae
560 1159 755 1246 patriarcha,
779 1165 814 1226 et
844 1160 1013 1248 episcopus
1042 1160 1287 1238 Dunolmensis,
1320 1160 1450 1226 dilectis

259 1284 349 1331 roma
394 1263 430 1327 in
470 1261 600 1328 Christo
638 1261 723 1340 filiis,
761 1261 863 1348 priori
899 1267 934 1328 et
971 1262 1153 1328 conventui
1184 1261 1381 1327 monasterii
1412 1263 1453 1328 de

395 1362 608 1450 Gyseburgh',
631 1363 754 1428 ordinis
778 1363 893 1431 Sancti
915 1363 1106 1451 Augustini,
1132 1363 1348 1429 Eboracansis
1371 1361 1453 1430 dioe-

395 1465 485 1542 cesis,
511 1464 660 1542 salutem,
682 1465 824 1550 gratiam
856 1471 890 1531 et
923 1465 1195 1530 benedictionem
1261 1465 1387 1530 Feruor
1419 1471 1454 1530 et

395 1565 562 1652 religionis
584 1565 725 1645 devotio
749 1567 906 1632 continua
934 1566 1172 1653 hospitalitatis
1202 1567 1397 1644 observatis,
1420 1573 1454 1632 et

397 1667 676 1752 eleemosynarum
708 1666 763 1754 pia
794 1668 936 1755 largitio,
960 1673 1143 1754 caeteraque
1173 1669 1323 1734 caritatis
1345 1689 1452 1756 opera,

397 1789 472 1856 quae
494 1769 530 1832 in
553 1773 662 1832 vestro
693 1770 892 1835 monasterio
914 1769 1072 1857 praedieto
1098 1768 1229 1857 jugiter
1251 1775 1453 1848 exercentur,

396 1890 457 1936 nos
478 1868 681 1935 visceraliter
714 1871 863 1936 excitant
894 1876 929 1937 et
959 1871 1125 1938 inducunt
1154 1871 1267 1938 lavore
1296 1892 1356 1937 vos
1378 1893 1453 1959 pro-

397 1971 489 2058 sequi
511 1971 627 2058 gratiae
650 1971 807 2058 specialis.
854 1973 944 2038 Hinc
960 1978 1011 2039 est
1033 1974 1121 2059 quod
1144 1973 1180 2038 in
1203 1973 1336 2038 ecclesia
1357 1994 1452 2060 paro·

398 2072 496 2141 chisli
519 2073 560 2138 de
584 2073 689 2152 Hart',
705 2079 827 2140 nostrae
850 2075 1008 2154 dioecesis,
1024 2097 1132 2161 quam,
1147 2097 1216 2139 una
1237 2097 1312 2139 cum
1328 2075 1452 2162 capella

398 2175 440 2240 de
478 2173 679 2260 Hertrepoll’
713 2175 748 2240 in
782 2175 897 2241 eadem
929 2175 1092 2262 parochia,
1122 2177 1160 2240 in
1192 2197 1270 2241 usus
1304 2175 1451 2262 proprios

398 2277 551 2342 canonice
574 2276 755 2362 possidetis,
779 2277 872 2342 etin
894 2298 961 2363 qua
990 2298 1048 2364 per
1070 2277 1230 2343 vicarium
1263 2278 1451 2344 saecularem

398 2398 477 2445 cura
499 2378 683 2444 animarum
714 2377 784 2465 regi
818 2378 997 2460 consuevit,
1021 2384 1060 2443 ut
1092 2399 1150 2465 per
1175 2384 1324 2445 vestrum
1355 2401 1451 2446 cano-

397 2481 510 2546 nicum
532 2481 672 2568 populus
694 2479 838 2565 ejusdem
862 2480 1025 2566 parochiae
1047 2487 1188 2568 regatur,
1211 2487 1246 2547 ct
1267 2481 1451 2548 animarum

397 2601 477 2648 cura
499 2587 690 2648 exerceatur
704 2581 741 2646 in
756 2581 879 2659 eadem,
895 2581 1062 2668 perpetuis
1077 2582 1280 2670 temporibus
1302 2584 1339 2647 in
1360 2581 1452 2648 futu-

397 2705 481 2762 rum,
503 2682 606 2761 vobis,
632 2683 830 2748 auctoritate
859 2682 1050 2768 pontificali,
1072 2704 1131 2769 pro
1153 2684 1248 2750 nobis
1270 2688 1305 2749 et
1327 2705 1474 2750 succes·-

397 2784 524 2850 soribus
546 2782 675 2862 nostris,
698 2789 811 2850 tenore
841 2784 1064 2870 praesentium,
1087 2785 1272 2872 specialiter
1301 2785 1451 2872 indulge·

396 2909 477 2954 mus.
536 2886 600 2966 Ita,
624 2887 758 2966 scilicet,
783 2886 871 2972 quod
903 2893 1049 2954 nuncet
1080 2887 1171 2966 alias,
1194 2889 1347 2975 quotiens
1370 2911 1451 2976 opus

398 2989 471 3066 erit,
493 2989 581 3054 idem
604 2988 779 3054 canonicus
801 2991 921 3066 vester,
945 2988 1003 3076 qui
1032 2990 1069 3053 in
1100 2989 1192 3056 dicta
1226 2991 1360 3056 ccclesia
1388 2990 1452 3054 mi·

397 3090 562 3169 nistrabit,
585 3091 680 3156 nobis
712 3095 747 3154 et
780 3090 1018 3157 successoribus
1050 3092 1171 3157 nostris
1204 3113 1263 3178 per
1285 3113 1345 3158 vos
1367 3114 1451 3178 prae-

301 3251 306 3264 ,
397 3197 555 3273 sentetur,
579 3198 613 3258 et
635 3213 693 3278 per
718 3213 779 3272 nos
809 3197 844 3256 et
875 3213 1070 3258 successores
1103 3197 1232 3259 nostros
1254 3193 1452 3259 admittatur

398 3299 433 3359 at
453 3293 659 3370 instituatur,
679 3292 775 3358 nobis
790 3296 824 3358 et
846 3293 1085 3359 suecessoribus
1107 3295 1230 3359 nostris
1252 3295 1294 3360 <le
1316 3295 1450 3382 spiritu-

397 3395 513 3474 alibus,
524 3396 619 3460 vobis
633 3399 744 3460 sutem
760 3395 801 3460 de
816 3393 1059 3481 temporalibus,
1075 3417 1304 3482 responsurus;
1320 3397 1450 3483 proviso

397 3499 486 3585 quod
507 3497 673 3564 canonicis
705 3496 870 3583 praedictis
901 3496 942 3561 de
973 3495 1137 3562 fructibus
1167 3503 1201 3562 et
1233 3499 1450 3586 proventibus

397 3600 496 3666 dictae
519 3600 660 3666 ecclesiae
689 3597 921 3664 tantummodo
951 3597 1144 3684 assignetur,
1167 3599 1257 3664 unde
1283 3600 1449 3666 commode

397 3701 575 3766 sustentari
606 3706 640 3766 at
673 3699 910 3786 hospitalitatis
935 3720 1017 3765 onus
1051 3720 1193 3786 congrue
1216 3701 1350 3766 valeant
1371 3723 1449 3788 sup-

397 3809 550 3891 portare3
580 3801 776 3868 auctoritate
813 3806 928 3867 nostra
964 3801 1157 3878 dioecesana,
1184 3800 1259 3886 jure
1293 3803 1451 3867 etiamst

398 3905 561 3992 dignitate
584 3903 726 3969 ecclesiae
748 3905 871 3967 nostres
893 3900 1134 3979 Dunelmensis,
1150 3923 1209 3987 per
1231 3903 1343 3967 omnia
1368 3925 1451 3968 sem·

397 4028 456 4095 per
478 4007 584 4072 salvis.
632 4005 674 4068 In
696 4003 790 4090 cujus
806 4003 853 4068 rei
869 4003 1107 4082 testimonium,
1132 4004 1275 4090 sigillum
1299 4009 1450 4069 nostrum

398 4109 536 4196 speciale
559 4106 778 4194 praesentibus
792 4110 844 4171 est
858 4126 1048 4192 appensum.
1094 4103 1218 4170 Datum
1243 4107 1332 4192 apud
1354 4105 1450 4170 Auk-

397 4211 493 4291 land‘,
509 4206 567 4276 ix⁰.
585 4210 638 4274 die
654 4207 834 4288 Februarii,
850 4229 937 4272 anno
957 4205 1093 4272 Domini
1107 4207 1333 4292 n0.c>c0.viij0.‚
1348 4207 1450 4294 patri·

397 4312 552 4379 archatus
582 4311 687 4377 nostri
725 4309 833 4388 tertio,
864 4314 899 4374 et
928 4307 1140 4394 pontificatus
1169 4309 1275 4372 nostri
1297 4307 1449 4393 xxvj⁰.-

398 4415 469 4480 Nos
490 4435 569 4480 vero
602 4412 774 4500 praefatam
807 4410 1044 4476 concessionem
1075 4415 1110 4474 et
1131 4408 1381 4495 indulgentiam,
1406 4409 1449 4473 ab

399 4516 511 4581 eodem
547 4515 780 4602 praedecessore
812 4516 928 4578 nostro
957 4511 998 4576 de
1030 4511 1120 4578 dicta
1151 4511 1274 4576 vicaria
1305 4509 1451 4596 praelatis

398 4617 558 4703 religiosis
581 4617 628 4683 sic
649 4616 780 4695 factam,
803 4618 838 4679 et
867 4635 965 4700 quam
996 4634 1018 4678 a
1047 4611 1193 4699 capitulo
1215 4618 1328 4678 nostro
1354 4611 1451 4676 Dun-
