3506 5702
419 817 484 887 740
600 830 796 886 anomaeus
819 829 1019 884 rmnuuu
1041 831 1283 884 nussaumasn

258 1029 315 1074 AD·
323 1033 383 1078 1³1⁶·
413 1009 539 1087 tenoris
564 1021 686 1104 literas,
711 1023 835 1088 clerum
859 1027 894 1088 et
918 1021 1075 1109 populum
1101 1022 1199 1088 diotae
1219 1019 1462 1108 jurisdictionis
1471 1028 1517 1076 an.
1526 1029 1604 1084 Brisa
1612 1036 1635 1075 ⁵-

414 1123 457 1187 ad
494 1129 599 1190 certos
626 1123 695 1190 dies
729 1129 763 1190 et
788 1125 859 1189 loca
892 1125 1109 1211 peremptorie
1144 1123 1281 1202 evocari,
1315 1133 1461 1189 nostram

413 1225 640 1292 visitationem
657 1225 854 1304 canonicam,
877 1226 914 1298 in
935 1225 1041 1291 forms
1063 1229 1218 1291 consueta
1244 1223 1308 1290 sibi
1333 1224 1458 1310 impen-

413 1326 562 1407 dendam,
587 1327 761 1394 actualiter
775 1328 965 1410 subituros;
989 1349 1129 1413 cumque
1150 1327 1248 1392 dictae
1271 1325 1458 1393 visitationi

412 1429 602 1495 exercendae
637 1451 705 1494 non
736 1451 908 1516 possumus
948 1429 1164 1517 personaliter
1199 1428 1379 1510 intendere,
1417 1449 1460 1494 ex

412 1532 517 1596 causis
549 1532 705 1618 legitimis
738 1532 910 1620 impediti3
947 1533 988 1597 de
1011 1532 1080 1597 tuis
1106 1531 1394 1617 circumspectione
1424 1536 1459 1596 et

412 1632 585 1713 industria,
620 1635 661 1699 de
695 1635 824 1719 quibus,
859 1657 901 1700 ex
925 1638 985 1699 tua
1017 1633 1174 1698 familiari
1209 1634 1457 1699 conversatione

411 1734 581 1801 nobiscum
604 1736 742 1814 diutina,
766 1737 861 1802 nobis
884 1740 1022 1814 constat,
1045 1735 1174 1823 plenius
1198 1735 1399 1802 confidentes
1414 1735 1458 1802 ad

315 1835 320 1846 '
410 1835 621 1917 visitandum,
637 1838 758 1902 nostris
773 1839 844 1904 vice
869 1844 904 1903 et
925 1838 1132 1915 auctoritate,
1157 1859 1362 1923 quaecunque
1385 1859 1453 1902 mo-

410 1938 554 2003 nasteria
588 1945 622 2004 st
655 1923 830 2026 hospitalia
864 1945 987 2019 nostra,
1025 1939 1184 2027 neo[non]
1233 1938 1383 2005 ecclcsiae
1422 1945 1457 2005 et

409 2039 555 2125 capellas,
572 2063 725 2128 personas
751 2042 861 2121 etiam,
877 2047 948 2106 tam
971 2042 1140 2129 religiosas
1163 2062 1263 2127 quam
1287 2041 1456 2106 saeculares

408 2142 657 2228 qualescunque,
681 2142 779 2210 dictae
797 2143 1038 2228 jurisdictionis
1050 2168 1058 2223 ;
1084 2143 1127 2208 od
1153 2142 1388 2228 inquirendum
1413 2145 1455 2209 de

408 2229 587 2309 defectibus
623 2251 657 2309 et
701 2245 885 2310 excessibus
917 2245 1176 2331 quibuscunque,
1207 2251 1241 2310 et
1267 2245 1310 2308 ad
1350 2244 1451 2311 refor-

407 2345 575 2422 mandum,
599 2346 824 2431 corrigendum
847 2351 882 2411 et
904 2347 1107 2430 puniendum
1141 2346 1288 2426 eosdem3
1311 2347 1354 2412 ad
1385 2369 1453 2412 sus-

406 2446 616 2528 pendendum
639 2451 673 2511 et
689 2448 908 2512 amovendum
923 2448 1057 2535 insuper
1079 2471 1100 2512 a
1114 2448 1182 2513 suis
1197 2448 1453 2515 administratio-

406 2546 512 2626 nibus,
547 2545 661 2612 officiis
694 2554 729 2613 et
762 2549 938 2628 beneficiis,
968 2571 1179 2636 quoscunque
1214 2571 1295 2636 quos
1332 2552 1452 2617 exinde

400 2647 536 2731 justitia
573 2651 713 2715 suaserit
751 2653 919 2732 emoveri3
957 2674 1085 2717 necnon
1116 2654 1159 2716 ed
1182 2653 1450 2738 cognoscendum,

403 2751 651 2834 procedendum,
670 2753 956 2838 pronunciandum
978 2759 1012 2818 et
1030 2754 1272 2841 exequendum,
1288 2755 1325 2819 in
1347 2757 1451 2821 omni-

403 2850 466 2914 bus
480 2856 515 2915 et
530 2852 666 2938 singulis
681 2855 794 2935 causis,
810 2856 961 2940 negotiis,
978 2855 1101 2936 litibus,
1117 2858 1258 2942 querelis
1273 2863 1308 2922 et
1322 2863 1451 2924 contro-

403 2951 525 3030 versiis,
556 2975 639 3038 quae,
662 2954 705 3019 ad
727 2956 872 3041 partium
895 2979 1164 3044 quarumcunque
1189 2980 1246 3024 seu
1273 2959 1371 3025 officii
1400 2961 1450 3024 in-

402 3053 569 3131 stantiam,
583 3056 620 3118 in
635 3057 707 3141 ipsa
721 3057 922 3136 visitatione,
938 3081 995 3124 seu
1018 3059 1089 3145 ejus
1112 3061 1277 3128 occasione
1293 3064 1450 3148 qualiter-

401 3175 528 3241 cunque
551 3157 706 3222 ventilari
728 3160 934 3245 contigerint,
957 3183 995 3227 ac
1017 3163 1059 3227 ad
1082 3161 1267 3228 faciendum
1291 3165 1401 3230 omnia
1415 3170 1449 3231 et

401 3257 538 3342 singula,
562 3281 636 3344 quae
669 3260 705 3323 in
727 3260 919 3326 visitatione
951 3263 1140 3348 hujusmodi
1172 3267 1337 3332 occasione
1369 3289 1449 3352 qua-

399 3379 527 3444 cunque
550 3361 749 3426 occurrerint
771 3361 938 3443 facienda3
960 3369 1003 3443 te,
1026 3370 1139 3432 tenore
1159 3369 1370 3452 praesentium
1393 3370 1449 3434 de-

399 3466 563 3544 putamus,
586 3467 620 3528 et
652 3463 717 3528 tibi
738 3463 775 3528 in
797 3466 973 3550 praemissis
1007 3468 1160 3534 omnibus
1184 3475 1218 3534 ct
1242 3471 1389 3557 singulis,
1413 3477 1447 3538 et

398 3581 437 3625 ea
451 3563 698 3646 quomodolibet
714 3566 938 3652 tangentibus,
953 3567 1042 3634 vices
1057 3573 1187 3637 nostras
1202 3573 1446 3652 committimus,

398 3683 472 3724 cum
504 3664 678 3749 cujuslibet
709 3667 884 3732 coercionis
914 3670 1075 3737 canonicae
1105 3677 1275 3758 potestate.
1312 3675 1445 3747 ,Valete

398 3760 525 3826 Datum
559 3765 648 3850 apud
683 3765 845 3846 Stokton',
869 3771 930 3854 xjo.
954 3771 1007 3837 die
1029 3773 1149 3838 mensis
1173 3775 1333 3858 Octobris,
1357 3798 1445 3842 anno

397 3861 533 3929 Domini
567 3865 740 3933 millesimo
773 3881 922 3937 ccc⁰.xv⁰.
967 3877 1001 3939 et
1036 3875 1288 3942 consecrationis
1322 3882 1445 3944 nostrae

397 3965 521 4050 quinte.

226 4181 340 4277 {mil
400 4211 509 4284 [Lim]
552 4217 728 4272 achidiacono
808 4173 889 4242 Viro
923 4179 1104 4245 venerabili
1136 4187 1171 4248 et
1200 4177 1341 4252 discreto

226 4283 347 4328 damnor
394 4282 549 4336 Ebomoensi
571 4289 610 4337 vel
643 4287 723 4354 [ejrn]
761 4275 890 4344 officiali
926 4280 1053 4346 domini
1071 4289 1097 4350 '.
1130 4293 1140 4352 ’.
1179 4335 1186 4350 .
1225 4288 1444 4354 archidiaconi

225 4333 324 4377 Ycrkto
454 4351 459 4361 ·
488 4351 494 4363 ·

225 4383 361 4478 (immega
395 4349 603 4468 ssfflffinffiffiffl
625 4362 729 4471 ἓξὲξ
763 4378 983 4460 Eborscensis,
1007 4384 1061 4448 vel
1092 4387 1163 4471 ejus
1190 4388 1284 4476 'vices
1313 4389 1440 4477 gerenti

224 4483 370 4578 &diff
393 4481 528 4595 {gum
550 4485 673 4562 Thomu
698 4489 728 4538 de
760 4481 948 4548 incivitate
963 4483 1168 4571 Eboracensi,
1186 4489 1352 4569 Ricardus,
1372 4496 1440 4569 etc,

223 4585 297 4630 mea
433 4548 724 4612 uyexeommumcatum
760 4585 908 4667 salutem,
959 4591 1017 4652 etc.
1094 4588 1182 4670 Quia
1227 4593 1442 4658 ecclesiastice

392 4676 480 4764 quod
501 4679 544 4745 ad
566 4681 726 4748 medelam
761 4684 934 4752 inventum
965 4693 1022 4767 est,
1045 4695 1085 4757 ut
1116 4691 1320 4780 languidum,
1343 4717 1441 4782 quem
