3570 5718
512 826 709 879 susrsrsuu
732 791 936 875 rsulrm'mr
959 819 1200 872 nurumrrsu.
1316 806 1377 870 921

165 1038 321 1093 insonus.
334 1021 440 1098 terim,
470 1042 528 1107 per
559 1017 733 1105 praedictos
767 1019 932 1080 tenentem
968 1013 1076 1079 locum
1110 1009 1313 1088 thesaurarii,
1349 1012 1384 1074 et
1413 1017 1535 1064 eume

333 1124 480 1203 barones,
503 1122 544 1186 de
567 1118 742 1207 praemissis
757 1116 932 1196 certiorati,
955 1115 1094 1210 ulterius
1116 1114 1272 1180 faciemus
1288 1110 1386 1196 quod,

335 1224 469 1309 dejure
499 1223 567 1288 fore
602 1218 782 1286 viderimus
812 1217 1009 1284 faciendum.
1066 1216 1111 1280 Et
1136 1213 1385 1289 districtionem,

333 1327 361 1391 si
384 1347 483 1410 quem
504 1321 651 1410 praefetae
673 1319 910 1395 communitati,
932 1317 1099 1382 occasione
1124 1315 1293 1401 praediots,
1315 1313 1386 1379 fieri

333 1426 482 1504 feceritis,
501 1422 633 1488 interim
657 1420 799 1485 relaxari
821 1419 951 1486 fecistis
973 1417 1087 1482 eidem.
1135 1416 1230 1481 Teste
1253 1415 1385 1500 meipso,

334 1527 423 1612 opud
457 1521 793 1600 westmonasterium,
826 1519 888 1604 iij0.
921 1518 976 1583 die
1008 1517 1142 1603 Aprilis,
1175 1537 1262 1582 enno
1294 1515 1385 1602 regni

310 1629 437 1695 vnostri
460 1630 563 1692 sexto.

335 1857 595 1978 ffgffiffoenobem
671 1824 1170 1994 {llwssdusdem'ffigmbll
1192 1824 1229 1888 in
1252 1821 1385 1938 Cbristo
1398 1829 1530 1976 &iffi

489 1959 495 1974 ·
652 1951 726 2006 arr,
791 1947 857 1992 1car
881 1949 908 2004 ο,
1002 1948 1054 1991 em
1109 1947 1204 2002 rere,
1237 1943 1386 1988 erscoo

335 2031 561 2096 Duuolmensi.
608 1951 662 2097 Elin
695 2013 789 2119 porte
812 2032 951 2097 Roberti
974 2031 1016 2094 de
1039 1949 1187 2094 Legceles
1219 1946 1315 2093 nollris
1338 1943 1511 2092 ditm*

337 2138 513 2209 ostensum,
537 2134 685 2218 graviter
727 2133 963 2217 conquerendo,
989 2131 1076 2215 quod
1110 2151 1170 2195 vos
1198 2129 1389 2214 etquidem

337 2233 481 2298 ministri
505 2235 618 2312 vestri,
642 2257 679 2300 oo
710 2235 767 2300 slii
789 2233 939 2298 homines
961 2231 1126 2298 libertatis
1150 2235 1270 2297 vestrae
1295 2230 1390 2296 Dun-

337 2334 500 2411 olmensis,
527 2357 585 2419 per
606 2335 776 2422 ingentem
799 2335 1049 2400 multitudinem
1078 2331 1332 2411 malefactorum,
1356 2337 1391 2398 et

338 2435 428 2522 psois
470 2439 592 2502 nostres
625 2438 902 2522 perturbatorum,
946 2436 1080 2502 incursu
1119 2434 1242 2512 hostili,
1282 2436 1388 2520 ipsum

338 2537 531 2613 Robertum
553 2542 587 2602 et
608 2537 696 2602 bons
719 2542 753 2602 et
776 2537 897 2602 catello
923 2558 990 2616 sus,
1014 2536 1056 2600 sd
1078 2536 1260 2601 valentiam
1288 2537 1391 2621 qued-

274 2660 281 2673 ·
339 2639 472 2724 reginte
494 2638 661 2716 librarum,
685 2639 773 2725 opud
797 2639 962 2721 Bromley,
1000 2638 1036 2702 in
1059 2658 1192 2723 corpore
1215 2637 1391 2702 comitatus

339 2741 445 2806 nostri
485 2739 743 2817 Northumbriae,
779 2744 875 2805 extra
912 2739 1099 2804 libertatem
1130 2744 1273 2804 vestram
1306 2761 1389 2825 pree·

340 2843 473 2920 dictem,
483 2863 580 2908 cursu
595 2841 768 2908 temerario
784 2842 865 2927 cepi,
881 2847 915 2906 et
930 2840 1049 2905 exinde
1065 2863 1168 2925 usque
1179 2841 1388 2920 Dunelmum,

340 2944 427 3009 infra
441 2943 628 3008 libertatem
645 2949 789 3008 vestram
805 2942 1005 3028 praedietem,
1022 2941 1105 3020 duci,
1121 2941 1251 3020 fecistis,
1268 2945 1392 3028 ipsum-

342 3068 405 3132 que
420 3044 544 3110 ibidem
560 3044 820 3131 impn'sonatum,
835 3065 909 3108 cum
925 3042 1019 3107 bonis
1035 3048 1070 3108 et
1083 3043 1210 3110 catellis
1226 3045 1294 3109 suis
1309 3065 1389 3130 proo-

342 3147 448 3225 dictis,
471 3145 637 3224 detinetis,
660 3145 770 3210 minus
788 3145 888 3229 juste,
915 3145 951 3208 in
975 3145 1078 3230 ipsius
1101 3145 1239 3210 Roberti
1262 3146 1392 3232 dispen-

343 3249 434 3314 dium
463 3269 530 3312 non
556 3246 732 3327 modicum,
754 3253 789 3312 et
810 3267 997 3333 gravamen,
1013 3267 1050 3310 ec
1071 3247 1392 3332 dispenperetionem

342 3349 562 3428 menifestum,
588 3353 622 3413 et
652 3352 767 3414 contre
790 3369 903 3433 pacem
927 3351 1094 3424 nostrnm3
1118 3347 1214 3433 quod,
1230 3347 1255 3414 si
1280 3348 1394 3414 taliter

342 3451 468 3516 sectum
489 3449 597 3526 fuerit,
632 3449 667 3513 in
703 3449 809 3514 nostri
842 3454 1067 3534 contemptum
1098 3469 1136 3512 sc
1165 3449 1393 3533 praeJudicium

343 3554 455 3620 cedere
485 3551 668 3616 dinoscitur
710 3550 885 3616 manifeste
897 3576 905 3630 ;
939 3550 1032 3615 vobis
1063 3549 1167 3635 igitur
1189 3551 1392 3630 mandamus,

344 3654 485 3718 firmiter
513 3651 732 3739 injungentes,
757 3653 846 3736 quod
876 3653 984 3738 ipsum
1008 3652 1200 3733 Robertum,
1226 3674 1293 3718 une
1318 3675 1393 3720 oum

333 3755 442 3820 bonis
457 3759 492 3819 et
507 3753 634 3820 catellis
656 3754 724 3818 suis
739 3753 915 3840 praedictio,
931 3753 1002 3818 sine
1028 3753 1186 3820 diletione
1210 3755 1394 3837 deliberari,

347 3862 381 3922 et
392 3857 517 3921 factum
525 3860 674 3919 vestrum
684 3861 720 3920 et
729 3855 954 3920 ministrorum
964 3859 1147 3920 vestrorum
1157 3859 1396 3943 praedictorum,

346 3958 383 4024 in
397 3958 458 4022 hac
472 3961 574 4043 perte,
589 3955 702 4020 taliter
717 3956 882 4044 emendari
902 3956 1040 4034 faciatis,
1056 3957 1105 4021 ito
1120 3957 1208 4039 quod
1222 3979 1289 4024 non
1303 3981 1397 4044 opor·

347 4066 418 4126 test
427 4079 494 4136 nos,
509 4058 545 4121 in
554 4057 657 4132 vestri
667 4057 805 4136 defectu,
816 4079 914 4144 super
928 4057 989 4122 hoc
1005 4057 1146 4143 amplius
1161 4059 1327 4139 soliciteri,
1340 4083 1398 4146 per

347 4162 435 4248 quod
456 4161 500 4226 ud
523 4181 582 4226 vos
607 4165 641 4224 et
663 4159 850 4225 libertatem
876 4163 1018 4224 vestram
1046 4159 1237 4244 praediotem
1252 4163 1399 4247 graviter

348 4283 463 4349 cepere
478 4261 661 4328 debeamus.
689 4259 770 4326 Etsi
786 4281 883 4326 eausa
899 4259 1104 4326 rationabilis
1115 4261 1397 4350 subfuerit,qusre
1452 4273 1470 4319 f·
1477 4275 1523 4320 1⁸⁶·

349 4363 516 4451 praemisse
529 4363 635 4430 fecere
658 4383 725 4427 non
740 4362 896 4441 debeatis,
913 4366 994 4427 tunc
1007 4383 1076 4440 nos,
1092 4383 1189 4448 super
1203 4384 1300 4430 ceusu
1314 4387 1398 4452 pree·

349 4466 438 4532 dicte
449 4465 603 4530 distincte
618 4468 653 4529 et
667 4469 789 4550 aperte,
805 4464 875 4529 sine
891 4461 1048 4528 diletione
1064 4463 1396 4546 reddatis-certiorem

348 4575 388 4633 ut
410 4589 478 4645 nos,
500 4566 576 4632 inde
599 4565 773 4643 certiorati,
796 4564 937 4630 ulterius
959 4563 1031 4630 fieri
1057 4563 1222 4644 faciemus,
1238 4569 1327 4653 quod
1357 4572 1397 4638 de

349 4670 485 4740 consilio
506 4673 618 4734 nostro
640 4668 832 4733 duxerimus
858 4666 1084 4734 ordinandum.
1142 4667 1238 4736 Teste
1265 4673 1397 4760 meipso,
1431 4719 1435 4728 ι

351 4773 438 4859 opud
454 4771 572 4850 Shene,
589 4766 711 4854 xxiiij⁰.
735 4769 788 4834 die
805 4767 929 4846 Martii,
944 4789 1031 4835 enno
1054 4770 1147 4855 regni
1169 4772 1273 4838 nostri
1296 4780 1397 4843 sexto.
