3570 5718
400 758 466 825 944
578 768 776 824 eremmon
799 767 1003 822 ramnsuu
1025 767 1268 822 nuunauausn

248 975 369 1020 All-lm·
401 963 486 1032 Cum
523 983 629 1051 nuper
665 963 760 1030 vobis
788 961 1064 1039 mandaverimus,
1085 962 1174 1048 quod
1203 961 1244 1026 de
1277 960 1374 1026 bonis
1410 962 1445 1024 et
1459 974 1623 1029 aarum

401 1065 569 1132 beneficiis
599 1061 825 1132 ecclesiasticis
848 1063 966 1150 prioris
989 1061 1219 1130 Dunelmensis
1241 1067 1276 1129 et
1298 1060 1445 1139 aliorum,

404 1168 558 1255 (quornm
581 1167 725 1245 nomina,
755 1171 790 1232 et
816 1165 929 1232 debita
950 1165 1038 1251 ipsos
1061 1165 1297 1253 contingentia,
1318 1164 1446 1252 plenius

400 1270 589 1336 continetur
603 1269 640 1333 in
663 1267 806 1354 quodam
828 1266 921 1333 brevi
944 1270 1057 1331 nostro
1078 1288 1183 1354 nuper
1197 1268 1292 1333 vobis
1314 1267 1447 1344 directo,

401 1371 445 1437 ad
466 1370 645 1436 levandum
663 1369 704 1434 de
726 1369 865 1456 praefato
887 1367 996 1453 priore
1017 1374 1052 1433 et
1068 1367 1151 1448 aliis,
1166 1368 1203 1433 in
1221 1370 1335 1435 eodem
1353 1369 1447 1433 brevi

402 1471 603 1558 nominatis)
621 1471 725 1537 levari
748 1469 898 1537 laceretis
921 1468 1051 1534 diversa
1065 1471 1230 1558 arreragia
1251 1470 1293 1535 de
1315 1470 1447 1556 quinta·

400 1575 526 1641 decima
546 1594 653 1660 nuper
674 1572 772 1638 nobis
794 1593 815 1637 a
836 1572 922 1638 clero
953 1570 1046 1660 regni
1077 1571 1183 1637 nostri
1206 1572 1294 1658 apud
1320 1571 1446 1636 North·

397 1676 541 1763 ampton'
562 1694 720 1752 concessa,
744 1673 794 1739 ita
815 1672 902 1758 quod
926 1674 1090 1761 arreragia
1111 1673 1184 1760 ipsa
1205 1673 1383 1738 mitteretis
1402 1673 1445 1737 ad

397 1775 603 1842 Scaccarium
635 1779 794 1852 nostrum,
817 1794 876 1859 per
897 1774 1041 1861 aliquem
1068 1774 1110 1840 de
1132 1775 1261 1852 vestris,
1285 1775 1327 1840 ad
1349 1774 1445 1860 quin-

396 1877 514 1943 denam
549 1876 665 1942 Sancti
701 1875 867 1942 Johannis
905 1876 1067 1963 Baptistae
1107 1875 1258 1963 proximo
1289 1875 1444 1952 futuram,

396 1974 491 2040 nobis
516 1973 693 2052 solvenda;
726 1995 763 2038 ac
785 1973 1061 2058 assignaverimus
1091 1972 1257 2060 arreragia
1287 1973 1445 2059 praedicta

396 2075 515 2142 dilecto
530 2074 704 2141 mercatori
717 2079 839 2152 nostro,
856 2074 1021 2141 Willelmo
1038 2075 1181 2157 Sematt,
1198 2075 1264 2142 civi
1279 2075 1443 2154 Londinii,

396 2177 582 2264 recipienda
604 2176 645 2242 de
660 2176 764 2253 vobis,
786 2176 823 2239 in
845 2181 974 2261 partem
997 2177 1169 2242 solutionis
1192 2176 1378 2242 debitorum
1407 2179 1443 2241 in

396 2280 516 2366 quibus
532 2278 636 2344 eidem
654 2277 819 2343 Willelmo
834 2282 1004 2358 tenemur;
1026 2279 1121 2344 vobis
1138 2279 1342 2357 mandamus,
1357 2279 1444 2366 quod

395 2387 501 2449 totam
523 2379 696 2467 pecuniam
726 2379 763 2442 in
784 2378 873 2445 dicto
894 2380 989 2444 brevi
1019 2386 1132 2447 nostro
1153 2385 1344 2447 contentam
1374 2381 1444 2447 sine

396 2484 554 2549 dilatione
584 2482 687 2546 levari
709 2480 848 2558 faciatis,
866 2479 969 2566 juxta
998 2487 1145 2548 tenorem
1175 2481 1311 2548 alterius
1333 2482 1444 2548 brevis

395 2584 501 2650 nostri
523 2604 630 2669 nuper
644 2580 763 2649 vobia¹
786 2582 864 2647 inde
888 2583 1014 2660 directi,
1030 2587 1065 2648 et
1087 2605 1169 2664 eam,
1185 2605 1284 2669 quarn
1301 2584 1444 2670 primum

395 2685 499 2751 levari
522 2684 707 2770 eontigerit,
729 2683 867 2770 praefato
891 2683 1065 2765 Willelmo,
1089 2685 1143 2750 vel
1173 2685 1243 2770 ejus
1273 2690 1444 2752 attornato

394 2788 430 2852 in
445 2787 507 2853 hac
522 2791 626 2874 parte,
642 2784 726 2851 solvi
742 2789 776 2849 et
790 2785 924 2850 liberari
939 2785 1069 2850 faciatis
1091 2785 1239 2864 indilate,
1261 2787 1298 2851 in
1315 2793 1443 2874 partem

394 2887 627 2954 satisfactionis
658 2885 845 2951 debitorum
867 2885 1099 2973 praedictorum
1111 2910 1120 2966 ;
1142 2887 1335 2974 recipientes
1365 2889 1443 2954 inde

395 2990 575 3056 abeodem
596 2986 761 3053 Willelmo
791 2986 905 3052 literas
926 3010 1001 3054 suae
1031 2993 1192 3075 patentes,
1222 2989 1443 3077 receptionem

396 3091 495 3158 dictae
518 3089 664 3177 pecuniae
695 3089 920 3167 testificantes,
940 3111 998 3175 per
1027 3111 1109 3176 quas
1132 3089 1338 3158 debitoribus
1360 3113 1442 3178 prae·

394 3192 493 3258 dictis
517 3191 663 3256 debitam
692 3189 770 3255 inde
800 3189 1028 3257 allocutionem
1057 3191 1101 3256 ad
1131 3191 1336 3258 Scaccarium
1367 3214 1443 3258 nos-

393 3299 485 3359 trum
506 3292 628 3357 habere
652 3290 816 3359 faciemus.
861 3291 908 3356 Et
932 3291 1013 3377 quid
1037 3291 1115 3357 inde
1137 3292 1289 3371 feceritis,
1313 3294 1443 3359 tenenti

393 3395 500 3462 locum
530 3393 726 3460 thesaurarii
763 3397 797 3458 ct
830 3392 1009 3459 baronibus
1043 3393 1084 3458 dc
1118 3393 1284 3460 Seaccario
1322 3401 1443 3476 nostro,

393 3497 483 3584 apud
505 3495 845 3572 westmonasterium,
860 3495 904 3559 ad
925 3494 1116 3580 praedictam
1139 3497 1340 3583 quindenam
1367 3519 1443 3563 con·

395 3604 482 3664 stare
505 3597 643 3675 faciatis,
668 3601 702 3662 et
724 3595 903 3661 remittatis
917 3596 966 3660 ibi
981 3601 1062 3662 tunc
1084 3596 1147 3663 hoc
1168 3597 1276 3664 breve.
1338 3599 1443 3676 Teste,

397 3701 430 3766 J.
454 3701 495 3765 de
522 3697 665 3775 Sandal’,
696 3701 830 3762 tenente
851 3697 959 3762 locum
989 3697 1187 3764 thesaurarii
1216 3699 1332 3778 nostri,
1355 3701 1444 3787 apud

397 3799 737 3878 westmonasterium,
767 3797 854 3883 xiijo.
878 3798 931 3864 die
962 3798 985 3863 J
987 3800 1067 3878 unii,
1097 3822 1185 3866 anno
1214 3801 1308 3888 regni
1340 3803 1445 3868 nostri

398 3901 611 3971 sexto-Per
631 3901 740 3987 ipsum
762 3899 868 3968 locum
891 3905 1068 3967 tenentem.

231 4019 355 4064 namu
443 4003 539 4070 Istud
570 4003 669 4068 breve
699 4001 781 4067 adeo
811 3999 906 4066 tarde
936 4001 1038 4079 venit,
1062 4002 1151 4089 quod
1184 4005 1334 4071 executio
1367 4005 1445 4072 inde

229 4069 328 4164 paronam
397 4107 471 4174 fieri
492 4127 560 4171 non
582 4103 701 4191 potuit.
1375 4093 1378 4100 ¹

265 4271 335 4317 m,
397 4294 477 4345 Eme
488 4289 582 4342 domini
598 4303 636 4342 re*
717 4237 911 4316 Edwardus,
949 4237 1012 4305 Dei
1049 4239 1167 4326 gratia,
1207 4263 1267 4307 rex
1304 4243 1446 4332 Angliae,

227 4333 360 4427 Qff'
397 4357 636 4424 gispronhomade
673 4341 827 4406 dominus
860 4339 1040 4422 Hiberniae,
1073 4347 1108 4407 et
1141 4343 1212 4407 dux
1245 4345 1445 4430 Aquitaniae,

227 4432 365 4535 {¹2⁰3}ss
397 4427 471 4476 Nova
481 4425 564 4490 ΠΨ
672 4441 854 4510 venerabili
900 4441 937 4506 in
976 4442 1109 4508 Christo
1155 4443 1253 4529 patri,
1295 4445 1446 4529 Ricardo,

771 4633 778 4666 ¹
797 4630 879 4699 vota]
894 4631 1001 4684 neuin
1011 4633 1068 4685 us.
