3482 5700
397 799 461 862 684
573 779 781 860 necrsrsmr'
795 809 996 858 rnnsrrruu
1019 810 1260 861 nusmumss

244 1013 365 1059 smne
394 994 582 1080 periculum,
605 1000 639 1059 et
661 994 890 1058 itinerantium
914 1016 972 1080 per
994 995 1065 1079 ipsa
1091 994 1161 1060 loca
1187 1015 1253 1058 non
1277 995 1440 1059 modicum
1453 1011 1613 1064 sarsum

393 1097 600 1184 dispendium
615 1102 650 1161 et
665 1117 863 1182 gravamen;
886 1102 1020 1182 propter
1042 1097 1130 1181 quod
1144 1117 1212 1160 non
1234 1101 1286 1161 est
1301 1096 1440 1160 dubium

392 1220 446 1263 eos
468 1198 602 1283 majoris
617 1197 965 1264 excommunicationis
980 1197 1188 1275 sententiam,
1206 1199 1241 1262 in
1258 1197 1438 1276 coelatum,

391 1299 449 1384 qui
471 1299 542 1386 pias
565 1300 791 1364 decedentium
822 1299 1011 1364 voluntates
1034 1299 1227 1385 impediunt,
1258 1299 1438 1364 incurrisse.

392 1401 550 1480 Quocirca
573 1402 667 1466 vobis
691 1403 896 1478 mandamus,
911 1405 1075 1487 quatenus
1091 1401 1127 1465 in
1142 1401 1286 1467 ecclesiis
1308 1402 1428 1466 vestris

390 1503 506 1567 diebus
528 1503 710 1568 Dominicis
733 1507 767 1568 et
789 1503 926 1580 festivis,
950 1524 1062 1568 omnes
1085 1523 1138 1567 eos
1161 1503 1219 1588 qui
1250 1501 1438 1587 hujusmodi

390 1626 451 1680 res,
475 1604 525 1669 vel
550 1605 762 1689 pecuniarum
785 1625 938 1684 summes,
963 1604 1130 1671 occultunt
1152 1603 1207 1667 vel
1237 1603 1363 1670 occulte
1385 1604 1439 1667 de·

390 1707 496 1771 tinere
511 1711 727 1792 praesumunt,
742 1705 871 1790 publice
896 1706 1065 1782 moneatis,
1080 1706 1176 1789 quod,
1192 1703 1279 1768 infra
1294 1726 1437 1770 mensem

389 1830 410 1872 a
433 1808 485 1872 die
508 1808 699 1872 monitionis
723 1811 848 1883 vestrae,
873 1807 978 1874 dictas
1000 1807 1213 1892 pecuniarum
1237 1828 1380 1871 summas
1403 1813 1438 1872 et

389 1931 441 1974 res
467 1910 600 1974 domino
623 1909 778 2000 waltero,
802 1914 959 1994 perpetuo
991 1909 1113 1974 vicario
1145 1910 1186 1973 de
1217 1909 1437 1994 Byllingham‚

390 2014 554 2098 detegant,
578 2010 735 2087 revelent,
758 2016 791 2074 et
823 2009 1027 2075 satisfaciant
1061 2011 1102 2074 de
1136 2009 1266 2087 eisdem,
1289 2010 1437 2096 alioquin

390 2136 444 2178 eos
467 2118 589 2178 extunc
620 2113 657 2175 in
688 2113 821 2196 majoris
851 2112 1055 2178 denuncietis
1091 2113 1437 2178 excommunicationis

390 2215 598 2280 senteutiam
622 2214 811 2278 solemniter
842 2214 1015 2294 incidissc;
1040 2214 1080 2278 de
1103 2213 1293 2278 nominibus
1324 2237 1435 2279 eorum

389 2317 544 2394 omnium,
583 2337 648 2401 qua
680 2315 831 2400 poteritis
858 2315 1039 2401 diligentia,
1071 2315 1283 2400 inquirentes,
1314 2339 1436 2401 nosque

390 2419 619 2496 certificantes,
651 2439 750 2502 quam
785 2417 883 2482 citius
916 2417 1083 2482 commode
1115 2416 1275 2503 poteritis,
1302 2417 1342 2482 dc
1374 2419 1433 2482 eis·

390 2522 474 2594 dem,
492 2523 607 2584 contra
622 2539 703 2603 quos
727 2519 932 2584 intendimus
954 2541 996 2584 ex
1020 2518 1124 2585 officio
1140 2520 1321 2605 procedere,
1339 2526 1437 2606 prout

389 2643 499 2687 eorum
524 2619 623 2685 saluti
661 2620 847 2685 videbimus
870 2619 1030 2706 expedire.
1078 2620 1203 2684 Datum
1229 2620 1318 2707 apud
1342 2621 1436 2707 Ryk·

388 2724 471 2800 hale,
494 2720 596 2806 xxvj⁰.
619 2721 672 2786 die
687 2720 886 2802 Decembris,
910 2743 997 2786 anno
1011 2721 1145 2786 Domini
1161 2733 1280 2788 mccc.
1303 2727 1435 2808 quarto·

389 2825 524 2902 decimo,
546 2829 580 2888 et
602 2823 857 2888 consecrationis
880 2828 1002 2889 nostrae
1026 2829 1152 2908 quarto.

341 3077 355 3108 0
480 3098 485 3110 ,
514 3097 520 3110 ,
565 3057 567 3062 ’
633 3031 802 3109 Ricardus,
837 3030 1049 3118 permissione
1083 3031 1205 3110 divina,
1233 3037 1294 3108 etc,
1316 3031 1436 3096 dilecto

539 3135 545 3148 “
587 3131 665 3210 filio,
699 3131 832 3198 domiuo
859 3131 1014 3210 Waltero,
1037 3137 1196 3218 perpetuo
1228 3132 1351 3198 vicario
1385 3155 1436 3200 ec-

219 3214 367 3317 segg„
388 3232 495 3298 ensis
529 3232 570 3298 ce
593 3233 817 3322 Billyngham,
840 3233 988 3312 murem,
1012 3234 1156 3320 gratiam
1179 3240 1213 3300 a
1235 3232 1436 3301 benedices

287 3327 324 3409 'n
387 3356 472 3400 nem.
519 3334 569 3400 De
593 3341 712 3402 vestrae
738 3334 1037 3421 circumspectionis
1060 3336 1226 3401 industria
1247 3337 1378 3423 plenam
1399 3337 1436 3401 in

219 3415 374 3520 {ffiffl
387 3436 529 3503 Domino
556 3436 712 3502 fiduciam
741 3435 939 3514 obtinentes,
954 3436 996 3500 ad
1021 3438 1212 3522 petendum,
1228 3437 1436 3524 exigendum,

386 3539 611 3624 recipiendum
634 3543 669 3604 et
688 3539 910 3625 colligendum
932 3543 1039 3604 totam
1061 3539 1246 3625 pecuniam,
1268 3539 1312 3604 ed
1334 3539 1436 3605 fabri-

387 3661 468 3716 cam,
489 3640 739 3724 reparationem,
765 3661 822 3705 seu
848 3640 1068 3717 refectionem,
1089 3641 1241 3725 pontium
1264 3645 1299 3706 et
1320 3643 1434 3708 calceti

387 3740 475 3803 inter
498 3740 638 3804 Norton’
661 3747 695 3805 et
718 3740 988 3826 Byllynghem,a
1010 3741 1259 3827 quibuscunque
1281 3743 1435 3809 fidelibus

386 3844 422 3908 in
445 3848 549 3908 morte
572 3843 625 3908 vel
648 3843 684 3908 in
706 3843 779 3908 vita
801 3844 954 3930 legatam,
977 3844 1064 3908 iufra
1087 3851 1235 3910 nostram
1257 3847 1434 3927 dioecesim,

387 3968 444 4012 seu
476 3945 632 4023 relictam,
656 3952 691 4011 ct
706 3945 741 4010 id
764 3946 852 4030 quod
875 3946 1062 4032 receperitis
1078 3947 1115 4011 in
1130 3947 1253 4012 dictem
1275 3948 1433 4014 fabricem

386 4071 442 4113 seu
477 4048 715 4134 reparationem
749 4048 890 4113 fideliter
924 4049 1193 4126 convertendum,
1216 4053 1328 4114 tenore
1350 4073 1434 4136 prse-

386 4151 529 4215 sentium
553 4149 790 4216 committimus
824 4153 1032 4235 potestatem,
1055 4151 1250 4216 mandantes
1273 4157 1307 4217 et
1329 4153 1435 4218 artius

385 4251 595 4338 injungentes
630 4252 782 4317 omnibus
817 4256 850 4315 et
889 4250 1028 4337 singulis
1066 4252 1108 4316 ad
1146 4273 1285 4337 quorum
1318 4275 1434 4319 manus

385 4353 574 4439 hujusmodi
597 4354 738 4439 pecunia
758 4351 954 4439 pervenerit,
979 4357 1018 4416 ut
1041 4353 1136 4418 vobis
1159 4356 1378 4440 respondeant
1400 4363 1434 4420 et
1503 4379 1510 4392 ·

252 4511 256 4517 .
386 4453 590 4520 satisfaciant
605 4454 812 4542 integraliter
828 4455 868 4520 de
891 4455 1026 4520 eadem:
1052 4477 1142 4540 quos,
1158 4457 1186 4520 si
1202 4456 1433 4523 difficultatem

386 4555 423 4620 in
444 4557 505 4619 hoo
528 4555 748 4635 adhibuerint,
772 4555 815 4620 ad
849 4556 884 4620 id
918 4557 1114 4622 auctoritate
1147 4563 1261 4624 nostre
1283 4560 1434 4647 compelli

386 4657 547 4733 volumus
569 4661 603 4721 et
626 4656 747 4722 induci.
794 4657 917 4724 Datum
951 4659 1039 4744 apud
1062 4660 1225 4744 Rykhele‚
1249 4662 1356 4747 xxvjo.
1380 4662 1434 4727 die
