3562 5710
406 804 501 871 ‘1034
590 815 790 868 suersrnuu
813 811 1015 865 rsnsrnrun
1037 810 1280 892 nuunnunusn
1357 769 1362 778 ⁴
1398 871 1406 884 ι

258 1013 314 1060 Ab·
323 1010 380 1056 1³14
411 1005 562 1093 episcopi,
586 1005 615 1070 si
645 1025 725 1092 quos
754 1002 924 1084 levaveris,
947 1023 1004 1066 seu
1038 999 1285 1080 districtionem,
1301 999 1330 1063 si
1361 1007 1636 1085 quantutum-

413 1129 509 1194 super
531 1110 640 1195 ipsum
667 1107 853 1194 episcopum
885 1104 926 1169 de
956 1103 1107 1170 habendo
1137 1103 1263 1168 dictum
1296 1101 1460 1188 Rogerum

413 1231 521 1276 eoram
544 1211 690 1298 praefatis
720 1207 897 1274 baronibus
919 1206 1047 1282 nostris,
1073 1205 1116 1270 ad
1147 1205 1234 1270 diem
1257 1203 1459 1289 praedictum,

409 1313 532 1390 feceris,
563 1313 633 1379 sine
665 1313 822 1378 dilatione
853 1309 1011 1375 deliberes
1027 1302 1030 1307 ’
1045 1308 1158 1372 eidem.
1204 1305 1309 1385 Teste,
1332 1305 1387 1369 Ἡ.
1419 1306 1459 1370 de

410 1415 594 1496 Staunton’,
625 1415 713 1501 apud
735 1407 1071 1491 westmonasterium,
1104 1406 1199 1494 xvij0.
1233 1409 1286 1474 die
1316 1407 1460 1473 Novem·

410 1518 487 1598 bris,
510 1538 596 1583 anno
619 1517 712 1604 regni
734 1515 838 1581 nostri
861 1519 984 1580 octavo.

242 1728 290 1772 The
277 1727 378 1823 ekinffifle
411 1729 537 1780 Brevem
511 1729 678 1794 missumepis
679 1745 721 1780 co·
798 1716 988 1793 EdwardUS,
1013 1712 1075 1777 Dei
1106 1711 1222 1798 gratia,
1244 1731 1304 1775 rex
1319 1709 1458 1800 Angllae

242 1781 329 1822 wasto

242 1891 323 1930 W
242 1830 380 1922 ¹⁸g⁰edt⁰
365 1791 461 1921 ,⁹⁰³
463 1796 537 1912 illul
538 1798 722 1914 ”gfeffieffi
755 1819 907 1884 dominus
930 1814 1109 1894 Hibernia,
1126 1819 1160 1880 et
1145 1813 1245 1880 tdux
1261 1811 1460 1898 Aquitaniae,

242 1929 320 1972 educe
242 1979 318 2022 md
295 1929 398 2023 oeatps
412 1930 557 1981 custodibus
568 1930 720 1980 sarcum.¹
754 1919 978 1985 venerabili'
968 1939 1005 1982 ιιι
1028 1916 1159 1982 Christo
1190 1914 1287 2002 patri,
1310 1914 1459 1992 Ricardo,

240 1991 399 2077 donasses.
413 2023 526 2089 cadem
550 2023 666 2109 gratia,
691 2025 839 2108 episcopo
863 2019 1085 2096 Dunelmensi,
1116 2017 1265 2082 salutem.
1312 2015 1460 2095 Qualiter

413 2148 472 2213 pro
505 2126 596 2190 salva
619 2125 768 2190 custodia
784 2122 942 2189 Marchiae
965 2123 1057 2208 regui
1080 2120 1184 2185 nostri
1216 2139 1330 2184 versus
1351 2125 1460 2206 partes

412 2228 566 2302 boreales,
592 2231 626 2292 et
658 2249 717 2312 pro
748 2225 932 2313 repulsione
967 2223 1061 2290 Scott
1046 2227 1164 2302 torum,
1187 2221 1394 2288 inimicorum
1426 2228 1460 2288 et

411 2329 582 2396 rebellium
613 2335 807 2407 nostrorum,
830 2329 887 2415 qui
917 2329 999 2394 fines
1021 2327 1095 2392 illos
1128 2323 1294 2390 hostiliter
1325 2325 1459 2410 ingredi,

412 2438 451 2499 ut
473 2431 662 2517 accepimus,
682 2432 753 2515 jam
776 2436 973 2519 proponunt,
990 2451 1065 2496 oum
1087 2428 1283 2514 quibusdam
1298 2428 1460 2512 magnati-

412 2537 474 2601 bus
497 2540 532 2600 et
545 2533 697 2599 fidelibus
711 2535 840 2613 nostris,
864 2555 969 2619 nuper
990 2532 1080 2618 apud
1102 2531 1282 2596 Eboracum
1299 2529 1461 2596 habuistis

411 2636 607 2722 colloquium
623 2642 658 2701 et
672 2639 869 2711 tractatum
886 2634 1028 2723 qualiter
1050 2633 1150 2698 etiam
1165 2633 1260 2697 vobis
1283 2638 1317 2697 et
1339 2632 1459 2698 eisdem

413 2739 565 2826 expedire
588 2739 772 2818 videbatur,
794 2739 882 2824 quod
916 2736 1027 2803 dilecti
1050 2741 1085 2800 et
1106 2735 1219 2800 fideles
1240 2735 1355 2815 nost1i,
1379 2734 1460 2799 Wil-

412 2842 528 2906 lelmus
542 2841 584 2906 de
606 2841 673 2905 Ros
695 2841 737 2904 de
759 2839 1126 2922 Hamelalz’,dohannes
1148 2836 1189 2901 de
1213 2837 1383 2924 Moubray,
1400 2836 1459 2926 Pe·

412 2949 485 3008 trus
508 2943 548 3008 de
574 2942 662 3007 Malo
685 2943 782 3020 Lacu,
798 2948 832 3007 et
857 2941 1053 3028 Radulphus
1067 2939 1155 3004 filius
1171 2937 1338 3017 Willelmi,
1359 2938 1460 3025 assig-

412 3050 570 3111 narentur
598 3043 761 3130 capitanei
792 3051 826 3110 et
847 3043 998 3110 custodes
1019 3043 1164 3128 partium
1187 3041 1275 3106 ultra
1298 3043 1461 3120 Trentam,

413 3149 456 3213 ad
472 3145 701 3224 resistendum,
717 3168 876 3212 unacum
898 3146 1089 3212 hominibus
1111 3145 1256 3231 partium
1279 3143 1462 3222 earundem,

415 3255 538 3334 quanto
561 3248 728 3335 potentius
760 3253 926 3337 poterunt,
950 3248 1086 3314 malitiae
1108 3247 1315 3312 inimicorum
1337 3251 1462 3311 nostro-

413 3373 485 3416 rum
519 3351 759 3437 praedictorum,
781 3351 861 3418 dicti
892 3350 1004 3416 fideles
1037 3349 1141 3442 nostri
1172 3347 1267 3412 nobis
1297 3369 1354 3434 per
1387 3369 1462 3413 suas

413 3456 525 3519 literas
562 3456 768 3521 nuntiarunt.
828 3454 898 3518 Nos
935 3453 1045 3538 igitur,
1083 3455 1203 3516 vestrae
1241 3455 1275 3515 et
1319 3451 1462 3536 ipsorum

414 3563 606 3644 magnatum
630 3555 873 3623 deliberationis
895 3555 1066 3621 consilium
1090 3554 1125 3618 in
1155 3553 1217 3620 hac
1238 3557 1331 3640 parte
1353 3575 1463 3640 aceep-

415 3663 534 3740 tantes‚
573 3659 702 3724 eosdem
734 3656 846 3722 fideles
888 3661 1024 3732 nostros,
1061 3659 1096 3720 et
1130 3655 1309 3741 quemlibet
1351 3678 1463 3722 eorum

416 3781 474 3847 per
506 3783 548 3840 se,
572 3760 760 3848 capitaneos
783 3763 817 3824 et
840 3758 989 3824 custodes
1020 3758 1167 3822 omnium
1202 3757 1345 3824 locorum
1377 3758 1465 3823 rrltra

416 3863 579 3940 Trentam,
602 3861 645 3926 ad
667 3861 885 3926 resistendum
917 3860 1053 3926 malitiae
1076 3861 1237 3925 dictorum
1260 3861 1463 3927 inimicorum

416 3968 615 4041 nostrorum,
631 3985 704 4030 oum
720 3963 844 4029 auxilio
859 3964 1029 4029 hominum
1045 3964 1189 4048 partium
1212 3964 1352 4044 illarum,
1369 3965 1465 4030 duxi·

417 4091 490 4133 mus
521 4067 742 4154 assignandos,
765 4067 875 4152 eisque
897 4067 1007 4131 literas
1030 4066 1070 4131 de
1101 4067 1322 4154 assignatione
1352 4067 1465 4153 hujus-

418 4170 507 4236 modi
537 4169 779 4236 transmisimus
801 4173 1029 4256 competentes,
1054 4172 1088 4233 et
1118 4168 1222 4250 vobis,
1246 4169 1287 4234 de
1310 4169 1467 4236 sollicitu-

418 4273 505 4338 dinis
528 4277 562 4338 et
584 4271 881 4360 circumspectionis
895 4274 1013 4335 vestras
1036 4265 1232 4336 iudustria'
1223 4291 1260 4334 ιιι
1281 4271 1467 4358 praemissis,

418 4381 526 4462 grates
548 4373 716 4439 referimus
738 4372 897 4460 speciales,
920 4372 1183 4439 benevolentiam
1205 4377 1349 4439 vestram
1372 4374 1468 4440 affcc-

421 4484 514 4543 tuose
548 4482 709 4562 rogantes,
744 4462 900 4560 quatinus
931 4475 1017 4542 circa
1040 4475 1252 4542 directionem
1286 4481 1322 4542 et
1343 4499 1469 4564 promo·

421 4579 545 4646 tionem
577 4578 658 4643 dicti
688 4578 822 4664 negotii,
845 4581 944 4662 prout
977 4577 1105 4643 utiliter
1139 4579 1326 4660 inchoastis,
1349 4580 1469 4660 velitis,

423 4702 482 4766 pro
504 4679 686 4752 salvatione
708 4686 872 4745 terrarum
895 4678 1049 4745 Marchiae
1072 4680 1246 4765 predicte,
1285 4687 1382 4768 prout
1411 4705 1471 4772 pro
