<?xml version="1.0" encoding="UTF-8"?>
<!DOCTYPE html PUBLIC "-//W3C//DTD XHTML 1.0 Transitional//EN"
    "http://www.w3.org/TR/xhtml1/DTD/xhtml1-transitional.dtd">
<html xmlns="http://www.w3.org/1999/xhtml" xml:lang="en" lang="en">
 <head>
  <title>
</title>
<meta http-equiv="Content-Type" content="text/html;charset=utf-8" />
  <meta name='ocr-system' content='tesseract 3.04.00' />
  <meta name='ocr-capabilities' content='ocr_page ocr_carea ocr_par ocr_line ocrx_word'/>
</head>
<body>
  <div class='ocr_page' id='page_1' title='image "./registrumpalati00kellgoog_0485.png"; bbox 0 0 3564 5744; ppageno 0'>
   <div class='ocr_carea' id='block_1_1' title="bbox 533 799 1395 866">
    <p class='ocr_par' dir='ltr' id='par_1_1' title="bbox 533 799 1395 866">
     <span class='ocr_line' id='line_1_1' title="bbox 533 799 1395 866; baseline 0.001 -6"><span class='ocrx_word' id='word_1_1' title='bbox 533 811 733 863; x_wconf 81' lang='lat' dir='ltr'><strong>nnmsrnun</strong></span> <span class='ocrx_word' id='word_1_2' title='bbox 757 812 959 864; x_wconf 73' lang='lat' dir='ltr'><strong>ausimum</strong></span> <span class='ocrx_word' id='word_1_3' title='bbox 981 815 1218 866; x_wconf 79' lang='lat' dir='ltr'><strong>nuunmuusa.</strong></span> <span class='ocrx_word' id='word_1_4' title='bbox 1317 799 1395 862; x_wconf 84' lang='lat'>1101</span> 
     </span>
    </p>
   </div>
   <div class='ocr_carea' id='block_1_2' title="bbox 184 996 1660 3758">
    <p class='ocr_par' dir='ltr' id='par_1_2' title="bbox 184 996 1660 1391">
     <span class='ocr_line' id='line_1_2' title="bbox 184 996 1660 1086; baseline 0.007 -32"><span class='ocrx_word' id='word_1_5' title='bbox 184 996 525 1066; x_wconf 71' lang='lat' dir='ltr'><strong>suamcanobiscum</strong></span> <span class='ocrx_word' id='word_1_6' title='bbox 563 1001 607 1064; x_wconf 87' lang='lat' dir='ltr'><strong>ad</strong></span> <span class='ocrx_word' id='word_1_7' title='bbox 643 1021 786 1086; x_wconf 83' lang='lat' dir='ltr'><strong>praesens</strong></span> <span class='ocrx_word' id='word_1_8' title='bbox 823 1001 1052 1077; x_wconf 86' lang='lat' dir='ltr'><strong>existentibus,</strong></span> <span class='ocrx_word' id='word_1_9' title='bbox 1074 1002 1182 1068; x_wconf 84' lang='lat' dir='ltr'><strong>visum</strong></span> <span class='ocrx_word' id='word_1_10' title='bbox 1220 1007 1279 1079; x_wconf 90' lang='lat' dir='ltr'><strong>est,</strong></span> <span class='ocrx_word' id='word_1_11' title='bbox 1314 1000 1403 1084; x_wconf 92' lang='lat' dir='ltr'><strong>quod</strong></span> <span class='ocrx_word' id='word_1_12' title='bbox 1433 1003 1556 1048; x_wconf 70' lang='grc'><strong>1111111·</strong></span> <span class='ocrx_word' id='word_1_13' title='bbox 1657 1011 1660 1016; x_wconf 85' lang='grc'><strong>“</strong></span> 
     </span>
     <span class='ocr_line' id='line_1_3' title="bbox 355 1098 1405 1219; baseline 0.003 -56"><span class='ocrx_word' id='word_1_14' title='bbox 355 1098 486 1165; x_wconf 82' lang='lat' dir='ltr'><strong>diveisa</strong></span> <span class='ocrx_word' id='word_1_15' title='bbox 508 1101 629 1166; x_wconf 84' lang='lat' dir='ltr'><strong>damna</strong></span> <span class='ocrx_word' id='word_1_16' title='bbox 643 1105 677 1166; x_wconf 91' lang='lat' dir='ltr'><strong>et</strong></span> <span class='ocrx_word' id='word_1_17' title='bbox 691 1102 836 1188; x_wconf 87' lang='lat' dir='ltr'><strong>pericula</strong></span> <span class='ocrx_word' id='word_1_18' title='bbox 858 1124 916 1189; x_wconf 88' lang='lat' dir='ltr'><strong>per</strong></span> <span class='ocrx_word' id='word_1_19' title='bbox 937 1103 1119 1190; x_wconf 81' lang='lat' dir='ltr'>singulares</span> <span class='ocrx_word' id='word_1_20' title='bbox 1138 1108 1172 1168; x_wconf 90' lang='lat' dir='ltr'><strong>et</strong></span> <span class='ocrx_word' id='word_1_21' title='bbox 1193 1103 1405 1219; x_wconf 79' lang='lat' dir='ltr'><strong>particulares</strong></span> 
     </span>
     <span class='ocr_line' id='line_1_4' title="bbox 355 1203 1406 1296; baseline 0.003 -31"><span class='ocrx_word' id='word_1_22' title='bbox 355 1205 497 1288; x_wconf 80' lang='lat' dir='ltr'><strong>treugas,</strong></span> <span class='ocrx_word' id='word_1_23' title='bbox 528 1224 602 1289; x_wconf 82' lang='lat' dir='ltr'><strong>quae</strong></span> <span class='ocrx_word' id='word_1_24' title='bbox 634 1211 712 1268; x_wconf 85' lang='lat' dir='ltr'><strong>ante</strong></span> <span class='ocrx_word' id='word_1_25' title='bbox 743 1203 814 1270; x_wconf 87' lang='lat' dir='ltr'><strong>haec</strong></span> <span class='ocrx_word' id='word_1_26' title='bbox 846 1210 995 1291; x_wconf 90' lang='lat' dir='ltr'><strong>tempora</strong></span> <span class='ocrx_word' id='word_1_27' title='bbox 1028 1227 1101 1271; x_wconf 89' lang='lat' dir='ltr'><strong>cum</strong></span> <span class='ocrx_word' id='word_1_28' title='bbox 1136 1204 1273 1270; x_wconf 90' lang='lat' dir='ltr'><strong>dictis</strong></span> <span class='ocrx_word' id='word_1_29' title='bbox 1264 1205 1406 1296; x_wconf 83' lang='lat' dir='ltr'><strong>mimicis</strong></span> 
     </span>
     <span class='ocr_line' id='line_1_5' title="bbox 256 1288 1406 1391; baseline 0.002 -24"><span class='ocrx_word' id='word_1_30' title='bbox 256 1299 261 1308; x_wconf 82' lang='grc'><em>“</em></span> <span class='ocrx_word' id='word_1_31' title='bbox 356 1305 478 1369; x_wconf 82' lang='lat' dir='ltr'><strong>nostris</strong></span> <span class='ocrx_word' id='word_1_32' title='bbox 524 1311 600 1391; x_wconf 91' lang='lat' dir='ltr'><strong>capt</strong></span> <span class='ocrx_word' id='word_1_33' title='bbox 601 1327 630 1369; x_wconf 86' lang='lat' dir='ltr'><strong>ae</strong></span> <span class='ocrx_word' id='word_1_34' title='bbox 586 1304 809 1384; x_wconf 85' lang='lat' dir='ltr'><strong>t,fuerunt</strong></span> <span class='ocrx_word' id='word_1_35' title='bbox 849 1304 1068 1371; x_wconf 80' lang='lat' dir='ltr'><strong>diversimode</strong></span> <span class='ocrx_word' id='word_1_36' title='bbox 1110 1288 1301 1383; x_wconf 85' lang='lat' dir='ltr'><strong>evenerunt,</strong></span> <span class='ocrx_word' id='word_1_37' title='bbox 1338 1326 1406 1384; x_wconf 85' lang='lat' dir='ltr'><strong>nos,</strong></span> 
     </span>
    </p>

    <p class='ocr_par' dir='ltr' id='par_1_3' title="bbox 324 1405 1409 1900">
     <span class='ocr_line' id='line_1_6' title="bbox 324 1405 1407 1492; baseline 0.003 -24"><span class='ocrx_word' id='word_1_38' title='bbox 324 1407 330 1418; x_wconf 91' lang='lat'>&#39;</span> <span class='ocrx_word' id='word_1_39' title='bbox 358 1405 546 1491; x_wconf 90' lang='lat' dir='ltr'><strong>hujusmodi</strong></span> <span class='ocrx_word' id='word_1_40' title='bbox 576 1406 728 1491; x_wconf 89' lang='lat' dir='ltr'><strong>periculis</strong></span> <span class='ocrx_word' id='word_1_41' title='bbox 751 1426 895 1492; x_wconf 85' lang='lat' dir='ltr'><strong>congruo</strong></span> <span class='ocrx_word' id='word_1_42' title='bbox 925 1408 1069 1472; x_wconf 88' lang='lat' dir='ltr'><strong>remedio</strong></span> <span class='ocrx_word' id='word_1_43' title='bbox 1092 1406 1227 1474; x_wconf 87' lang='lat' dir='ltr'><strong>obviare</strong></span> <span class='ocrx_word' id='word_1_44' title='bbox 1250 1408 1407 1484; x_wconf 79' lang='lat' dir='ltr'><strong>volentes,</strong></span> 
     </span>
     <span class='ocr_line' id='line_1_7' title="bbox 358 1506 1409 1594; baseline 0.002 -25"><span class='ocrx_word' id='word_1_45' title='bbox 358 1507 452 1570; x_wconf 89' lang='lat' dir='ltr'><strong>vobis</strong></span> <span class='ocrx_word' id='word_1_46' title='bbox 475 1506 623 1574; x_wconf 86' lang='lat' dir='ltr'><strong>districte</strong></span> <span class='ocrx_word' id='word_1_47' title='bbox 645 1506 849 1594; x_wconf 87' lang='lat' dir='ltr'><strong>injungendo</strong></span> <span class='ocrx_word' id='word_1_48' title='bbox 864 1507 1069 1588; x_wconf 77' lang='lat' dir='ltr'><strong>mandamus,</strong></span> <span class='ocrx_word' id='word_1_49' title='bbox 1084 1509 1173 1594; x_wconf 93' lang='lat' dir='ltr'><strong>quod</strong></span> <span class='ocrx_word' id='word_1_50' title='bbox 1197 1507 1351 1573; x_wconf 89' lang='lat' dir='ltr'><strong>omnibus</strong></span> <span class='ocrx_word' id='word_1_51' title='bbox 1374 1512 1409 1572; x_wconf 90' lang='lat' dir='ltr'><strong>et</strong></span> 
     </span>
     <span class='ocr_line' id='line_1_8' title="bbox 359 1609 1409 1697; baseline 0.002 -26"><span class='ocrx_word' id='word_1_52' title='bbox 359 1609 497 1694; x_wconf 87' lang='lat' dir='ltr'><strong>singulis</strong></span> <span class='ocrx_word' id='word_1_53' title='bbox 532 1610 572 1674; x_wconf 89' lang='lat' dir='ltr'><strong>de</strong></span> <span class='ocrx_word' id='word_1_54' title='bbox 603 1609 791 1697; x_wconf 90' lang='lat' dir='ltr'><strong>episcopatu</strong></span> <span class='ocrx_word' id='word_1_55' title='bbox 825 1617 860 1676; x_wconf 88' lang='lat' dir='ltr'><strong>et</strong></span> <span class='ocrx_word' id='word_1_56' title='bbox 894 1611 1049 1678; x_wconf 84' lang='lat' dir='ltr'><strong>libertate</strong></span> <span class='ocrx_word' id='word_1_57' title='bbox 1081 1610 1201 1676; x_wconf 82' lang='lat' dir='ltr'><strong>vestris</strong></span> <span class='ocrx_word' id='word_1_58' title='bbox 1235 1609 1409 1695; x_wconf 81' lang='lat' dir='ltr'><strong>praedictis,</strong></span> 
     </span>
     <span class='ocr_line' id='line_1_9' title="bbox 360 1709 1408 1797; baseline 0.003 -24"><span class='ocrx_word' id='word_1_59' title='bbox 360 1709 508 1776; x_wconf 83' lang='lat' dir='ltr'><strong>distiicte</strong></span> <span class='ocrx_word' id='word_1_60' title='bbox 542 1716 577 1775; x_wconf 88' lang='lat' dir='ltr'><strong>et</strong></span> <span class='ocrx_word' id='word_1_61' title='bbox 606 1712 668 1775; x_wconf 89' lang='lat' dir='ltr'><strong>sub</strong></span> <span class='ocrx_word' id='word_1_62' title='bbox 694 1711 900 1777; x_wconf 86' lang='lat' dir='ltr'><strong>forisfactura</strong></span> <span class='ocrx_word' id='word_1_63' title='bbox 934 1712 1082 1776; x_wconf 90' lang='lat' dir='ltr'><strong>omnium</strong></span> <span class='ocrx_word' id='word_1_64' title='bbox 1114 1733 1188 1797; x_wconf 87' lang='lat' dir='ltr'><strong>quae</strong></span> <span class='ocrx_word' id='word_1_65' title='bbox 1222 1710 1408 1777; x_wconf 86' lang='lat' dir='ltr'><strong>forisfacere</strong></span> 
     </span>
     <span class='ocr_line' id='line_1_10' title="bbox 360 1812 1408 1900; baseline 0.004 -24"><span class='ocrx_word' id='word_1_66' title='bbox 360 1817 527 1898; x_wconf 79' lang='lat' dir='ltr'><strong>poterunt,</strong></span> <span class='ocrx_word' id='word_1_67' title='bbox 557 1812 698 1877; x_wconf 79' lang='lat' dir='ltr'>inhiberi</span> <span class='ocrx_word' id='word_1_68' title='bbox 728 1813 866 1891; x_wconf 85' lang='lat' dir='ltr'><strong>faciatis,</strong></span> <span class='ocrx_word' id='word_1_69' title='bbox 896 1835 938 1879; x_wconf 90' lang='lat' dir='ltr'><strong>ne</strong></span> <span class='ocrx_word' id='word_1_70' title='bbox 969 1815 1042 1900; x_wconf 89' lang='lat' dir='ltr'><strong>ipsi,</strong></span> <span class='ocrx_word' id='word_1_71' title='bbox 1058 1814 1111 1880; x_wconf 89' lang='lat' dir='ltr'><strong>vel</strong></span> <span class='ocrx_word' id='word_1_72' title='bbox 1141 1814 1261 1899; x_wconf 87' lang='lat' dir='ltr'><strong>aliquis</strong></span> <span class='ocrx_word' id='word_1_73' title='bbox 1286 1835 1408 1900; x_wconf 47' lang='lat' dir='ltr'><strong>,eorum</strong></span> 
     </span>
    </p>

    <p class='ocr_par' dir='ltr' id='par_1_4' title="bbox 287 1915 1495 3607">
     <span class='ocr_line' id='line_1_11' title="bbox 287 1915 1423 2002; baseline 0.005 -26"><span class='ocrx_word' id='word_1_74' title='bbox 287 1968 292 1976; x_wconf 90' lang='lat'><em>.</em></span> <span class='ocrx_word' id='word_1_75' title='bbox 362 1915 503 1994; x_wconf 91' lang='lat' dir='ltr'><strong>nomine,</strong></span> <span class='ocrx_word' id='word_1_76' title='bbox 519 1920 651 2000; x_wconf 83' lang='lat' dir='ltr'><strong>treugas</strong></span> <span class='ocrx_word' id='word_1_77' title='bbox 673 1936 730 1980; x_wconf 90' lang='lat' dir='ltr'><strong>seu</strong></span> <span class='ocrx_word' id='word_1_78' title='bbox 753 1915 977 1980; x_wconf 85' lang='lat' dir='ltr'><strong>sufferentiam</strong></span> <span class='ocrx_word' id='word_1_79' title='bbox 992 1938 1118 2002; x_wconf 81' lang='lat' dir='ltr'><strong>guerrae</strong></span> <span class='ocrx_word' id='word_1_80' title='bbox 1141 1938 1162 1980; x_wconf 89' lang='lat' dir='ltr'><strong>a</strong></span> <span class='ocrx_word' id='word_1_81' title='bbox 1184 1917 1283 1982; x_wconf 89' lang='lat' dir='ltr'><strong>dictis</strong></span> <span class='ocrx_word' id='word_1_82' title='bbox 1298 1918 1423 1982; x_wconf 88' lang='lat' dir='ltr'><strong>inimi·-</strong></span> 
     </span>
     <span class='ocr_line' id='line_1_12' title="bbox 362 2012 1410 2106; baseline 0.004 -26"><span class='ocrx_word' id='word_1_83' title='bbox 362 2017 408 2080; x_wconf 89' lang='lat' dir='ltr'><strong>cis</strong></span> <span class='ocrx_word' id='word_1_84' title='bbox 430 2017 550 2084; x_wconf 86' lang='lat' dir='ltr'><strong>nostris</strong></span> <span class='ocrx_word' id='word_1_85' title='bbox 573 2012 705 2103; x_wconf 84' lang='lat' dir='ltr'><strong>capiant</strong></span> <span class='ocrx_word' id='word_1_86' title='bbox 727 2037 858 2103; x_wconf 89' lang='lat' dir='ltr'><strong>quoquo</strong></span> <span class='ocrx_word' id='word_1_87' title='bbox 881 2018 987 2096; x_wconf 90' lang='lat' dir='ltr'><strong>modo,</strong></span> <span class='ocrx_word' id='word_1_88' title='bbox 1002 2019 1067 2082; x_wconf 91' lang='lat' dir='ltr'><strong>nisi</strong></span> <span class='ocrx_word' id='word_1_89' title='bbox 1083 2019 1264 2084; x_wconf 90' lang='lat' dir='ltr'><strong>communis</strong></span> <span class='ocrx_word' id='word_1_90' title='bbox 1286 2025 1410 2106; x_wconf 77' lang='lat' dir='ltr'>treuga,</span> 
     </span>
     <span class='ocr_line' id='line_1_13' title="bbox 362 2118 1495 2205; baseline 0.003 -22"><span class='ocrx_word' id='word_1_91' title='bbox 362 2139 419 2183; x_wconf 87' lang='lat' dir='ltr'><strong>seu</strong></span> <span class='ocrx_word' id='word_1_92' title='bbox 442 2118 632 2184; x_wconf 85' lang='lat' dir='ltr'><strong>sufferentia</strong></span> <span class='ocrx_word' id='word_1_93' title='bbox 652 2141 788 2205; x_wconf 84' lang='lat' dir='ltr'><strong>guerrae,</strong></span> <span class='ocrx_word' id='word_1_94' title='bbox 804 2141 864 2205; x_wconf 87' lang='lat' dir='ltr'><strong>per</strong></span> <span class='ocrx_word' id='word_1_95' title='bbox 886 2141 1092 2185; x_wconf 85' lang='lat' dir='ltr'><strong>communem</strong></span> <span class='ocrx_word' id='word_1_96' title='bbox 1115 2142 1281 2186; x_wconf 86' lang='lat' dir='ltr'><strong>assensum</strong></span> <span class='ocrx_word' id='word_1_97' title='bbox 1305 2126 1411 2186; x_wconf 87' lang='lat' dir='ltr'><strong>custo·</strong></span> <span class='ocrx_word' id='word_1_98' title='bbox 1491 2190 1495 2198; x_wconf 66' lang='grc'><em>,</em></span> 
     </span>
     <span class='ocr_line' id='line_1_14' title="bbox 363 2219 1410 2300; baseline 0.001 -15"><span class='ocrx_word' id='word_1_99' title='bbox 363 2219 452 2300; x_wconf 86' lang='lat' dir='ltr'><strong>dum,</strong></span> <span class='ocrx_word' id='word_1_100' title='bbox 480 2219 794 2286; x_wconf 86' lang='lat' dir='ltr'><strong>constabulariorum</strong></span> <span class='ocrx_word' id='word_1_101' title='bbox 825 2227 859 2286; x_wconf 90' lang='lat' dir='ltr'><strong>et</strong></span> <span class='ocrx_word' id='word_1_102' title='bbox 888 2222 1171 2294; x_wconf 82' lang='lat' dir='ltr'><strong>communitatum,</strong></span> <span class='ocrx_word' id='word_1_103' title='bbox 1194 2224 1410 2288; x_wconf 75' lang='lat' dir='ltr'><strong>comitatuum</strong></span> 
     </span>
     <span class='ocr_line' id='line_1_15' title="bbox 365 2320 1412 2410; baseline 0.003 -26"><span class='ocrx_word' id='word_1_104' title='bbox 365 2320 521 2387; x_wconf 85' lang='lat' dir='ltr'><strong>Marchiae</strong></span> <span class='ocrx_word' id='word_1_105' title='bbox 551 2323 727 2408; x_wconf 84' lang='lat' dir='ltr'><strong>praedictae,</strong></span> <span class='ocrx_word' id='word_1_106' title='bbox 749 2345 808 2409; x_wconf 85' lang='lat' dir='ltr'><strong>pro</strong></span> <span class='ocrx_word' id='word_1_107' title='bbox 831 2323 983 2388; x_wconf 90' lang='lat' dir='ltr'><strong>omnibus</strong></span> <span class='ocrx_word' id='word_1_108' title='bbox 1013 2328 1049 2388; x_wconf 92' lang='lat' dir='ltr'><strong>et</strong></span> <span class='ocrx_word' id='word_1_109' title='bbox 1070 2324 1209 2410; x_wconf 82' lang='lat' dir='ltr'><strong>singulis</strong></span> <span class='ocrx_word' id='word_1_110' title='bbox 1235 2324 1412 2390; x_wconf 81' lang='lat' dir='ltr'><strong>eorundem</strong></span> 
     </span>
     <span class='ocr_line' id='line_1_16' title="bbox 364 2423 1412 2512; baseline 0.001 -23"><span class='ocrx_word' id='word_1_111' title='bbox 364 2425 590 2501; x_wconf 68' lang='lat' dir='ltr'><strong>comitatuum,</strong></span> <span class='ocrx_word' id='word_1_112' title='bbox 614 2425 762 2510; x_wconf 87' lang='lat' dir='ltr'><strong>capiatur</strong></span> <span class='ocrx_word' id='word_1_113' title='bbox 784 2445 858 2489; x_wconf 92' lang='lat' dir='ltr'><strong>cum</strong></span> <span class='ocrx_word' id='word_1_114' title='bbox 881 2423 1023 2491; x_wconf 90' lang='lat' dir='ltr'><strong>inimicis</strong></span> <span class='ocrx_word' id='word_1_115' title='bbox 1047 2425 1168 2490; x_wconf 88' lang='lat' dir='ltr'><strong>nostris</strong></span> <span class='ocrx_word' id='word_1_116' title='bbox 1194 2426 1412 2512; x_wconf 86' lang='lat' dir='ltr'><strong>supradictis;</strong></span> 
     </span>
     <span class='ocr_line' id='line_1_17' title="bbox 365 2525 1414 2613; baseline 0.001 -24"><span class='ocrx_word' id='word_1_117' title='bbox 365 2525 414 2591; x_wconf 80' lang='lat' dir='ltr'><strong>ita</strong></span> <span class='ocrx_word' id='word_1_118' title='bbox 435 2529 547 2590; x_wconf 84' lang='lat' dir='ltr'><strong>tamen</strong></span> <span class='ocrx_word' id='word_1_119' title='bbox 569 2525 658 2609; x_wconf 84' lang='lat' dir='ltr'><strong>quod</strong></span> <span class='ocrx_word' id='word_1_120' title='bbox 680 2546 750 2602; x_wconf 90' lang='lat' dir='ltr'><strong>nos,</strong></span> <span class='ocrx_word' id='word_1_121' title='bbox 772 2525 961 2611; x_wconf 81' lang='lat' dir='ltr'><strong>priusquam</strong></span> <span class='ocrx_word' id='word_1_122' title='bbox 993 2531 1110 2613; x_wconf 82' lang='lat' dir='ltr'><strong>treuga</strong></span> <span class='ocrx_word' id='word_1_123' title='bbox 1140 2549 1197 2592; x_wconf 91' lang='lat' dir='ltr'><strong>seu</strong></span> <span class='ocrx_word' id='word_1_124' title='bbox 1223 2529 1414 2593; x_wconf 85' lang='lat' dir='ltr'><strong>sufferentia</strong></span> 
     </span>
     <span class='ocr_line' id='line_1_18' title="bbox 365 2625 1413 2714; baseline 0.003 -24"><span class='ocrx_word' id='word_1_125' title='bbox 365 2626 423 2691; x_wconf 89' lang='lat' dir='ltr'><strong>illa</strong></span> <span class='ocrx_word' id='word_1_126' title='bbox 453 2625 555 2690; x_wconf 86' lang='lat' dir='ltr'><strong>fuerit</strong></span> <span class='ocrx_word' id='word_1_127' title='bbox 586 2625 750 2692; x_wconf 83' lang='lat' dir='ltr'><strong>affirmata</strong></span> <span class='ocrx_word' id='word_1_128' title='bbox 783 2627 860 2698; x_wconf 87' lang='lat' dir='ltr'><strong>inde</strong></span> <span class='ocrx_word' id='word_1_129' title='bbox 893 2627 1051 2693; x_wconf 89' lang='lat' dir='ltr'><strong>distincte</strong></span> <span class='ocrx_word' id='word_1_130' title='bbox 1085 2634 1120 2694; x_wconf 91' lang='lat' dir='ltr'><strong>et</strong></span> <span class='ocrx_word' id='word_1_131' title='bbox 1151 2635 1271 2714; x_wconf 91' lang='lat' dir='ltr'><strong>aperte,</strong></span> <span class='ocrx_word' id='word_1_132' title='bbox 1304 2637 1338 2695; x_wconf 93' lang='lat' dir='ltr'><strong>et</strong></span> <span class='ocrx_word' id='word_1_133' title='bbox 1372 2630 1413 2693; x_wconf 92' lang='lat' dir='ltr'><strong>de</strong></span> 
     </span>
     <span class='ocr_line' id='line_1_19' title="bbox 365 2727 1414 2815; baseline 0.001 -21"><span class='ocrx_word' id='word_1_134' title='bbox 365 2733 514 2814; x_wconf 87' lang='lat' dir='ltr'><strong>tempore</strong></span> <span class='ocrx_word' id='word_1_135' title='bbox 536 2727 721 2794; x_wconf 80' lang='lat' dir='ltr'><strong>durationis</strong></span> <span class='ocrx_word' id='word_1_136' title='bbox 748 2727 896 2814; x_wconf 90' lang='lat' dir='ltr'><strong>ejusdem</strong></span> <span class='ocrx_word' id='word_1_137' title='bbox 912 2732 1047 2815; x_wconf 76' lang='lat' dir='ltr'><strong>treugae,</strong></span> <span class='ocrx_word' id='word_1_138' title='bbox 1063 2751 1120 2794; x_wconf 90' lang='lat' dir='ltr'><strong>seu</strong></span> <span class='ocrx_word' id='word_1_139' title='bbox 1144 2731 1353 2807; x_wconf 85' lang='lat' dir='ltr'><strong>sufferentiae,</strong></span> <span class='ocrx_word' id='word_1_140' title='bbox 1376 2753 1414 2795; x_wconf 87' lang='lat' dir='ltr'><strong>ac</strong></span> 
     </span>
     <span class='ocr_line' id='line_1_20' title="bbox 367 2828 1411 2917; baseline 0.003 -23"><span class='ocrx_word' id='word_1_141' title='bbox 367 2831 468 2895; x_wconf 86' lang='lat' dir='ltr'><strong>etiam</strong></span> <span class='ocrx_word' id='word_1_142' title='bbox 491 2828 659 2896; x_wconf 87' lang='lat' dir='ltr'><strong>deforma</strong></span> <span class='ocrx_word' id='word_1_143' title='bbox 681 2835 716 2894; x_wconf 87' lang='lat' dir='ltr'><strong>et</strong></span> <span class='ocrx_word' id='word_1_144' title='bbox 738 2829 984 2905; x_wconf 86' lang='lat' dir='ltr'><strong>conditionibus</strong></span> <span class='ocrx_word' id='word_1_145' title='bbox 1014 2831 1168 2917; x_wconf 91' lang='lat' dir='ltr'><strong>ejusdem,</strong></span> <span class='ocrx_word' id='word_1_146' title='bbox 1193 2831 1411 2897; x_wconf 85' lang='lat' dir='ltr'><strong>certioremur.</strong></span> 
     </span>
     <span class='ocr_line' id='line_1_21' title="bbox 367 2931 1415 3018; baseline 0 -22"><span class='ocrx_word' id='word_1_147' title='bbox 367 2932 539 2996; x_wconf 80' lang='lat' dir='ltr'><strong>Praemisso</strong></span> <span class='ocrx_word' id='word_1_148' title='bbox 569 2935 681 2996; x_wconf 87' lang='lat' dir='ltr'><strong>autem</strong></span> <span class='ocrx_word' id='word_1_149' title='bbox 705 2931 815 2995; x_wconf 87' lang='lat' dir='ltr'><strong>omnia</strong></span> <span class='ocrx_word' id='word_1_150' title='bbox 845 2937 879 2996; x_wconf 90' lang='lat' dir='ltr'><strong>et</strong></span> <span class='ocrx_word' id='word_1_151' title='bbox 902 2932 1032 3018; x_wconf 84' lang='lat' dir='ltr'><strong>singula</strong></span> <span class='ocrx_word' id='word_1_152' title='bbox 1054 2932 1100 2998; x_wconf 87' lang='lat' dir='ltr'><strong>sic</strong></span> <span class='ocrx_word' id='word_1_153' title='bbox 1123 2932 1259 3018; x_wconf 89' lang='lat' dir='ltr'><strong>provide</strong></span> <span class='ocrx_word' id='word_1_154' title='bbox 1291 2938 1325 2998; x_wconf 90' lang='lat' dir='ltr'><strong>et</strong></span> <span class='ocrx_word' id='word_1_155' title='bbox 1355 2933 1415 2998; x_wconf 91' lang='lat' dir='ltr'><strong>cir-</strong></span> 
     </span>
     <span class='ocr_line' id='line_1_22' title="bbox 367 3033 1416 3121; baseline 0 -23"><span class='ocrx_word' id='word_1_156' title='bbox 367 3039 550 3120; x_wconf 85' lang='lat' dir='ltr'><strong>cumspecte</strong></span> <span class='ocrx_word' id='word_1_157' title='bbox 572 3033 644 3097; x_wconf 88' lang='lat' dir='ltr'><strong>fieri</strong></span> <span class='ocrx_word' id='word_1_158' title='bbox 667 3033 803 3111; x_wconf 88' lang='lat' dir='ltr'><strong>faciatis,</strong></span> <span class='ocrx_word' id='word_1_159' title='bbox 819 3033 908 3118; x_wconf 92' lang='lat' dir='ltr'><strong>quod</strong></span> <span class='ocrx_word' id='word_1_160' title='bbox 922 3039 1067 3098; x_wconf 82' lang='lat' dir='ltr'><strong>vestram</strong></span> <span class='ocrx_word' id='word_1_161' title='bbox 1089 3035 1126 3098; x_wconf 91' lang='lat' dir='ltr'><strong>in</strong></span> <span class='ocrx_word' id='word_1_162' title='bbox 1140 3035 1202 3100; x_wconf 87' lang='lat' dir='ltr'><strong>hac</strong></span> <span class='ocrx_word' id='word_1_163' title='bbox 1224 3041 1317 3121; x_wconf 83' lang='lat' dir='ltr'><strong>parte</strong></span> <span class='ocrx_word' id='word_1_164' title='bbox 1340 3036 1416 3100; x_wconf 91' lang='lat' dir='ltr'><strong>dili-</strong></span> 
     </span>
     <span class='ocr_line' id='line_1_23' title="bbox 367 3134 1416 3223; baseline 0.002 -24"><span class='ocrx_word' id='word_1_165' title='bbox 367 3135 515 3221; x_wconf 85' lang='lat' dir='ltr'><strong>gentiam</strong></span> <span class='ocrx_word' id='word_1_166' title='bbox 546 3135 708 3221; x_wconf 89' lang='lat' dir='ltr'><strong>possimus</strong></span> <span class='ocrx_word' id='word_1_167' title='bbox 739 3134 776 3198; x_wconf 89' lang='lat' dir='ltr'><strong>in</strong></span> <span class='ocrx_word' id='word_1_168' title='bbox 798 3135 918 3200; x_wconf 83' lang='lat' dir='ltr'><strong>effectu</strong></span> <span class='ocrx_word' id='word_1_169' title='bbox 950 3135 1057 3221; x_wconf 88' lang='lat' dir='ltr'><strong>operis</strong></span> <span class='ocrx_word' id='word_1_170' title='bbox 1089 3137 1239 3223; x_wconf 88' lang='lat' dir='ltr'><strong>experiri,</strong></span> <span class='ocrx_word' id='word_1_171' title='bbox 1264 3142 1298 3202; x_wconf 90' lang='lat' dir='ltr'><strong>et</strong></span> <span class='ocrx_word' id='word_1_172' title='bbox 1327 3137 1416 3222; x_wconf 92' lang='lat' dir='ltr'><strong>quod</strong></span> 
     </span>
     <span class='ocr_line' id='line_1_24' title="bbox 369 3235 1414 3324; baseline 0.001 -22"><span class='ocrx_word' id='word_1_173' title='bbox 369 3259 426 3324; x_wconf 89' lang='lat' dir='ltr'><strong>per</strong></span> <span class='ocrx_word' id='word_1_174' title='bbox 440 3237 543 3302; x_wconf 89' lang='lat' dir='ltr'><strong>vestri</strong></span> <span class='ocrx_word' id='word_1_175' title='bbox 557 3235 766 3324; x_wconf 87' lang='lat' dir='ltr'><strong>tepiditatem</strong></span> <span class='ocrx_word' id='word_1_176' title='bbox 782 3235 819 3300; x_wconf 90' lang='lat' dir='ltr'><strong>in</strong></span> <span class='ocrx_word' id='word_1_177' title='bbox 833 3236 895 3302; x_wconf 84' lang='lat' dir='ltr'><strong>hac</strong></span> <span class='ocrx_word' id='word_1_178' title='bbox 902 3245 1012 3323; x_wconf 83' lang='lat' dir='ltr'><strong>parte,</strong></span> <span class='ocrx_word' id='word_1_179' title='bbox 1035 3238 1122 3322; x_wconf 94' lang='lat' dir='ltr'><strong>quod</strong></span> <span class='ocrx_word' id='word_1_180' title='bbox 1137 3239 1233 3315; x_wconf 87' lang='lat' dir='ltr'><strong>absit,</strong></span> <span class='ocrx_word' id='word_1_181' title='bbox 1257 3239 1414 3303; x_wconf 90' lang='lat' dir='ltr'><strong>damnum</strong></span> 
     </span>
     <span class='ocr_line' id='line_1_25' title="bbox 369 3337 1416 3425; baseline 0 -22"><span class='ocrx_word' id='word_1_182' title='bbox 369 3361 425 3404; x_wconf 89' lang='lat' dir='ltr'><strong>seu</strong></span> <span class='ocrx_word' id='word_1_183' title='bbox 448 3337 628 3425; x_wconf 88' lang='lat' dir='ltr'><strong>periculum</strong></span> <span class='ocrx_word' id='word_1_184' title='bbox 651 3359 717 3403; x_wconf 90' lang='lat' dir='ltr'><strong>non</strong></span> <span class='ocrx_word' id='word_1_185' title='bbox 741 3337 885 3402; x_wconf 87' lang='lat' dir='ltr'><strong>emineat</strong></span> <span class='ocrx_word' id='word_1_186' title='bbox 915 3339 1166 3423; x_wconf 85' lang='lat' dir='ltr'><strong>quoquomodo</strong></span> <span class='ocrx_word' id='word_1_187' title='bbox 1228 3339 1325 3404; x_wconf 84' lang='lat' dir='ltr'><strong>Teste</strong></span> <span class='ocrx_word' id='word_1_188' title='bbox 1293 3349 1416 3404; x_wconf 89' lang='lat' dir='ltr'><strong>tme-</strong></span> 
     </span>
     <span class='ocr_line' id='line_1_26' title="bbox 369 3425 1488 3528; baseline 0 -23"><span class='ocrx_word' id='word_1_189' title='bbox 369 3442 448 3528; x_wconf 87' lang='lat' dir='ltr'><strong>ipso,</strong></span> <span class='ocrx_word' id='word_1_190' title='bbox 478 3439 568 3525; x_wconf 89' lang='lat' dir='ltr'><strong>apud</strong></span> <span class='ocrx_word' id='word_1_191' title='bbox 590 3437 759 3525; x_wconf 74' lang='lat' dir='ltr'><strong>Olipsmn&#39;,</strong></span> <span class='ocrx_word' id='word_1_192' title='bbox 789 3438 863 3525; x_wconf 87' lang='lat' dir='ltr'><strong>iiij0.</strong></span> <span class='ocrx_word' id='word_1_193' title='bbox 887 3439 941 3504; x_wconf 86' lang='lat' dir='ltr'><strong>die</strong></span> <span class='ocrx_word' id='word_1_194' title='bbox 971 3439 1178 3518; x_wconf 78' lang='lat' dir='ltr'><strong>Novembris,</strong></span> <span class='ocrx_word' id='word_1_195' title='bbox 1204 3461 1291 3505; x_wconf 84' lang='lat' dir='ltr'><strong>anno</strong></span> <span class='ocrx_word' id='word_1_196' title='bbox 1324 3443 1415 3528; x_wconf 83' lang='lat' dir='ltr'><strong>regni</strong></span> <span class='ocrx_word' id='word_1_197' title='bbox 1484 3425 1488 3432; x_wconf 54' lang='grc'><em>’</em></span> 
     </span>
     <span class='ocr_line' id='line_1_27' title="bbox 369 3538 557 3607; baseline 0 -1"><span class='ocrx_word' id='word_1_198' title='bbox 369 3541 506 3607; x_wconf 89' lang='lat' dir='ltr'><strong>nostri</strong></span> <span class='ocrx_word' id='word_1_199' title='bbox 497 3538 557 3606; x_wconf 74' lang='lat'><strong>11⁰.</strong></span> 
     </span>
    </p>

    <p class='ocr_par' dir='ltr' id='par_1_5' title="bbox 415 3641 1584 3758">
     <span class='ocr_line' id='line_1_28' title="bbox 415 3641 1584 3758; baseline -0.001 -48"><span class='ocrx_word' id='word_1_200' title='bbox 415 3643 574 3723; x_wconf 75' lang='lat' dir='ltr'><strong>Quocirca</strong></span> <span class='ocrx_word' id='word_1_201' title='bbox 595 3663 663 3719; x_wconf 81' lang='lat' dir='ltr'><strong>vos,</strong></span> <span class='ocrx_word' id='word_1_202' title='bbox 679 3642 720 3707; x_wconf 91' lang='lat' dir='ltr'><strong>de</strong></span> <span class='ocrx_word' id='word_1_203' title='bbox 743 3662 881 3758; x_wconf 80' lang='lat' dir='ltr'><strong>quorum</strong></span> <span class='ocrx_word' id='word_1_204' title='bbox 912 3641 1073 3708; x_wconf 86' lang='lat' dir='ltr'><strong>fidelitate</strong></span> <span class='ocrx_word' id='word_1_205' title='bbox 1105 3648 1140 3707; x_wconf 91' lang='lat' dir='ltr'><strong>et</strong></span> <span class='ocrx_word' id='word_1_206' title='bbox 1168 3643 1309 3709; x_wconf 88' lang='lat' dir='ltr'><strong>indust</strong></span> <span class='ocrx_word' id='word_1_207' title='bbox 1268 3648 1332 3709; x_wconf 88' lang='lat' dir='ltr'><strong>tna</strong></span> <span class='ocrx_word' id='word_1_208' title='bbox 1355 3645 1416 3709; x_wconf 89' lang='lat' dir='ltr'><strong>cir·</strong></span> <span class='ocrx_word' id='word_1_209' title='bbox 1403 3649 1478 3694; x_wconf 63' lang='lat'><strong>-04&#39;11</strong></span> <span class='ocrx_word' id='word_1_210' title='bbox 1483 3649 1507 3692; x_wconf 84' lang='grc'><strong>11</strong></span> <span class='ocrx_word' id='word_1_211' title='bbox 1508 3648 1584 3699; x_wconf 63' lang='grc'><strong>11011·</strong></span> 
     </span>
    </p>
   </div>
   <div class='ocr_carea' id='block_1_3' title="bbox 370 3699 1572 3832">
    <p class='ocr_par' dir='ltr' id='par_1_6' title="bbox 370 3699 1572 3832">
     <span class='ocr_line' id='line_1_29' title="bbox 370 3699 1572 3832; baseline -0.001 -22"><span class='ocrx_word' id='word_1_212' title='bbox 370 3749 556 3832; x_wconf 82' lang='lat' dir='ltr'><strong>cumspecta</strong></span> <span class='ocrx_word' id='word_1_213' title='bbox 586 3744 739 3809; x_wconf 85' lang='lat' dir='ltr'><strong>fiduciam</strong></span> <span class='ocrx_word' id='word_1_214' title='bbox 771 3731 915 3830; x_wconf 82' lang='lat' dir='ltr'><strong>gerimus</strong></span> <span class='ocrx_word' id='word_1_215' title='bbox 944 3745 1124 3831; x_wconf 88' lang='lat' dir='ltr'><strong>specialem,</strong></span> <span class='ocrx_word' id='word_1_216' title='bbox 1147 3745 1191 3812; x_wconf 87' lang='lat' dir='ltr'><strong>ad</strong></span> <span class='ocrx_word' id='word_1_217' title='bbox 1221 3745 1416 3823; x_wconf 83' lang='lat' dir='ltr'><strong>faciendum,</strong></span> <span class='ocrx_word' id='word_1_218' title='bbox 1429 3701 1481 3794; x_wconf 57' lang='lat' dir='ltr'><strong>iiii</strong></span> <span class='ocrx_word' id='word_1_219' title='bbox 1472 3699 1572 3800; x_wconf 51' lang='grc' dir='ltr'><strong>ῠῢῇεω</strong></span> 
     </span>
    </p>
   </div>
   <div class='ocr_carea' id='block_1_4' title="bbox 370 3797 1566 4541">
    <p class='ocr_par' dir='ltr' id='par_1_7' title="bbox 370 3797 1566 4541">
     <span class='ocr_line' id='line_1_30' title="bbox 371 3797 1566 3934; baseline -0.001 -22"><span class='ocrx_word' id='word_1_220' title='bbox 371 3847 599 3933; x_wconf 86' lang='lat' dir='ltr'><strong>exequendum</strong></span> <span class='ocrx_word' id='word_1_221' title='bbox 627 3851 661 3911; x_wconf 93' lang='lat' dir='ltr'><strong>et</strong></span> <span class='ocrx_word' id='word_1_222' title='bbox 687 3845 901 3931; x_wconf 88' lang='lat' dir='ltr'><strong>implendum,</strong></span> <span class='ocrx_word' id='word_1_223' title='bbox 925 3869 967 3912; x_wconf 84' lang='lat' dir='ltr'><strong>ex</strong></span> <span class='ocrx_word' id='word_1_224' title='bbox 990 3853 1083 3934; x_wconf 84' lang='lat' dir='ltr'><strong>parte</strong></span> <span class='ocrx_word' id='word_1_225' title='bbox 1105 3852 1226 3928; x_wconf 85' lang='lat' dir='ltr'><strong>nostra,</strong></span> <span class='ocrx_word' id='word_1_226' title='bbox 1251 3847 1362 3913; x_wconf 89' lang='lat' dir='ltr'><strong>omnia</strong></span> <span class='ocrx_word' id='word_1_227' title='bbox 1383 3852 1418 3912; x_wconf 93' lang='lat' dir='ltr'><strong>et</strong></span> <span class='ocrx_word' id='word_1_228' title='bbox 1408 3797 1535 3903; x_wconf 47' lang='grc' dir='ltr'>Μ</span> <span class='ocrx_word' id='word_1_229' title='bbox 1505 3848 1566 3891; x_wconf 64' lang='grc'><strong>11111·</strong></span> 
     </span>
     <span class='ocr_line' id='line_1_31' title="bbox 371 3946 1417 4034; baseline 0 -20"><span class='ocrx_word' id='word_1_230' title='bbox 371 3948 502 4034; x_wconf 82' lang='lat' dir='ltr'><strong>singula</strong></span> <span class='ocrx_word' id='word_1_231' title='bbox 515 3969 590 4032; x_wconf 87' lang='lat' dir='ltr'><strong>quae</strong></span> <span class='ocrx_word' id='word_1_232' title='bbox 612 3946 752 4011; x_wconf 89' lang='lat' dir='ltr'><strong>indicto</strong></span> <span class='ocrx_word' id='word_1_233' title='bbox 768 3948 861 4012; x_wconf 89' lang='lat' dir='ltr'><strong>brevi</strong></span> <span class='ocrx_word' id='word_1_234' title='bbox 877 3949 1097 4026; x_wconf 89' lang='lat' dir='ltr'><strong>continentur,</strong></span> <span class='ocrx_word' id='word_1_235' title='bbox 1113 3949 1324 4014; x_wconf 90' lang='lat' dir='ltr'><strong>secundum</strong></span> <span class='ocrx_word' id='word_1_236' title='bbox 1314 3949 1417 4034; x_wconf 83' lang='lat' dir='ltr'><strong>ipsius</strong></span> 
     </span>
     <span class='ocr_line' id='line_1_32' title="bbox 370 4047 1418 4136; baseline 0.001 -21"><span class='ocrx_word' id='word_1_237' title='bbox 370 4050 518 4130; x_wconf 85' lang='lat' dir='ltr'><strong>formam,</strong></span> <span class='ocrx_word' id='word_1_238' title='bbox 532 4050 602 4114; x_wconf 86' lang='lat' dir='ltr'><strong>vim</strong></span> <span class='ocrx_word' id='word_1_239' title='bbox 617 4054 652 4114; x_wconf 93' lang='lat' dir='ltr'><strong>et</strong></span> <span class='ocrx_word' id='word_1_240' title='bbox 667 4047 828 4126; x_wconf 85' lang='lat' dir='ltr'><strong>effectum,</strong></span> <span class='ocrx_word' id='word_1_241' title='bbox 844 4054 957 4114; x_wconf 87' lang='lat' dir='ltr'><strong>tenore</strong></span> <span class='ocrx_word' id='word_1_242' title='bbox 972 4051 1185 4135; x_wconf 86' lang='lat' dir='ltr'><strong>praesentium</strong></span> <span class='ocrx_word' id='word_1_243' title='bbox 1201 4051 1418 4136; x_wconf 88' lang='lat' dir='ltr'><strong>deputamus;</strong></span> 
     </span>
     <span class='ocr_line' id='line_1_33' title="bbox 372 4151 1417 4238; baseline -0.002 -20"><span class='ocrx_word' id='word_1_244' title='bbox 372 4165 406 4218; x_wconf 88' lang='lat' dir='ltr'><strong>et</strong></span> <span class='ocrx_word' id='word_1_245' title='bbox 429 4151 644 4217; x_wconf 88' lang='lat' dir='ltr'><strong>sufficientem</strong></span> <span class='ocrx_word' id='word_1_246' title='bbox 675 4151 718 4216; x_wconf 88' lang='lat' dir='ltr'><strong>ad</strong></span> <span class='ocrx_word' id='word_1_247' title='bbox 748 4151 918 4236; x_wconf 76' lang='lat' dir='ltr'><strong>praemissa</strong></span> <span class='ocrx_word' id='word_1_248' title='bbox 947 4153 1057 4216; x_wconf 86' lang='lat' dir='ltr'><strong>omnia</strong></span> <span class='ocrx_word' id='word_1_249' title='bbox 1080 4153 1243 4217; x_wconf 83' lang='lat' dir='ltr'><strong>tradimus</strong></span> <span class='ocrx_word' id='word_1_250' title='bbox 1273 4156 1417 4238; x_wconf 86' lang='lat' dir='ltr'><strong>potesta-</strong></span> 
     </span>
     <span class='ocr_line' id='line_1_34' title="bbox 372 4252 1418 4341; baseline -0.002 -21"><span class='ocrx_word' id='word_1_251' title='bbox 372 4252 481 4341; x_wconf 88' lang='lat' dir='ltr'><strong>tem,[</strong></span> <span class='ocrx_word' id='word_1_252' title='bbox 570 4252 584 4339; x_wconf 95' lang='lat'>]</span> <span class='ocrx_word' id='word_1_253' title='bbox 604 4273 685 4338; x_wconf 87' lang='lat' dir='ltr'><strong>quas</strong></span> <span class='ocrx_word' id='word_1_254' title='bbox 700 4252 795 4317; x_wconf 88' lang='lat' dir='ltr'><strong>vobis</strong></span> <span class='ocrx_word' id='word_1_255' title='bbox 817 4252 982 4317; x_wconf 88' lang='lat' dir='ltr'><strong>mittimus</strong></span> <span class='ocrx_word' id='word_1_256' title='bbox 1004 4257 1163 4338; x_wconf 84' lang='lat' dir='ltr'><strong>patentes,</strong></span> <span class='ocrx_word' id='word_1_257' title='bbox 1179 4253 1286 4340; x_wconf 85' lang='lat' dir='ltr'><strong>sigillo</strong></span> <span class='ocrx_word' id='word_1_258' title='bbox 1306 4258 1418 4318; x_wconf 87' lang='lat' dir='ltr'><strong>nostro</strong></span> 
     </span>
     <span class='ocr_line' id='line_1_35' title="bbox 372 4353 1420 4440; baseline -0.001 -19"><span class='ocrx_word' id='word_1_259' title='bbox 372 4355 491 4420; x_wconf 89' lang='lat' dir='ltr'><strong>minori</strong></span> <span class='ocrx_word' id='word_1_260' title='bbox 522 4353 676 4439; x_wconf 85' lang='lat' dir='ltr'><strong>signatas.</strong></span> <span class='ocrx_word' id='word_1_261' title='bbox 721 4353 847 4418; x_wconf 89' lang='lat' dir='ltr'><strong>Datum</strong></span> <span class='ocrx_word' id='word_1_262' title='bbox 878 4355 966 4440; x_wconf 91' lang='lat' dir='ltr'><strong>apud</strong></span> <span class='ocrx_word' id='word_1_263' title='bbox 998 4353 1153 4438; x_wconf 82' lang='lat' dir='ltr'><strong>Rychale,</strong></span> <span class='ocrx_word' id='word_1_264' title='bbox 1186 4355 1328 4420; x_wconf 87' lang='lat' dir='ltr'><strong>secundo</strong></span> <span class='ocrx_word' id='word_1_265' title='bbox 1365 4356 1420 4420; x_wconf 91' lang='lat' dir='ltr'><strong>die</strong></span> 
     </span>
     <span class='ocr_line' id='line_1_36' title="bbox 372 4454 1420 4541; baseline 0.001 -19"><span class='ocrx_word' id='word_1_266' title='bbox 372 4455 570 4533; x_wconf 90' lang='lat' dir='ltr'><strong>Decembris,</strong></span> <span class='ocrx_word' id='word_1_267' title='bbox 589 4475 676 4520; x_wconf 92' lang='lat' dir='ltr'><strong>anno</strong></span> <span class='ocrx_word' id='word_1_268' title='bbox 699 4454 833 4520; x_wconf 91' lang='lat' dir='ltr'><strong>Domini</strong></span> <span class='ocrx_word' id='word_1_269' title='bbox 858 4454 1028 4520; x_wconf 89' lang='lat' dir='ltr'><strong>millesimo</strong></span> <span class='ocrx_word' id='word_1_270' title='bbox 1043 4456 1273 4523; x_wconf 89' lang='lat' dir='ltr'><strong>trecentesimo</strong></span> <span class='ocrx_word' id='word_1_271' title='bbox 1288 4457 1420 4541; x_wconf 86' lang='lat' dir='ltr'><strong>quinto-</strong></span> 
     </span>
    </p>
   </div>
   <div class='ocr_carea' id='block_1_5' title="bbox 304 4556 1124 4643">
    <p class='ocr_par' dir='ltr' id='par_1_8' title="bbox 304 4556 1124 4643">
     <span class='ocr_line' id='line_1_37' title="bbox 304 4556 1124 4643; baseline -0.004 -17"><span class='ocrx_word' id='word_1_272' title='bbox 304 4563 306 4568; x_wconf 81' lang='grc'><strong>’</strong></span> <span class='ocrx_word' id='word_1_273' title='bbox 371 4559 505 4636; x_wconf 91' lang='lat' dir='ltr'><strong>decimo,</strong></span> <span class='ocrx_word' id='word_1_274' title='bbox 528 4563 562 4622; x_wconf 91' lang='lat' dir='ltr'><strong>et</strong></span> <span class='ocrx_word' id='word_1_275' title='bbox 584 4556 834 4622; x_wconf 87' lang='lat' dir='ltr'><strong>consecrationis</strong></span> <span class='ocrx_word' id='word_1_276' title='bbox 856 4561 978 4622; x_wconf 85' lang='lat' dir='ltr'><strong>nostrae</strong></span> <span class='ocrx_word' id='word_1_277' title='bbox 1001 4557 1124 4643; x_wconf 66' lang='lat' dir='ltr'><strong>quinto:</strong></span> 
     </span>
    </p>
   </div>
   <div class='ocr_carea' id='block_1_6' title="bbox 0 0 1815 5744">
    <p class='ocr_par' dir='ltr' id='par_1_9' title="bbox 0 0 1815 5744">
     <span class='ocr_line' id='line_1_38' title="bbox 0 0 1815 5744; baseline 0 0"><span class='ocrx_word' id='word_1_278' title='bbox 0 0 1815 5744; x_wconf 95' lang='lat' dir='ltr'><strong> </strong></span> 
     </span>
    </p>
   </div>
  </div>
 </body>
</html>
