3502 6108
417 862 502 926 1218
596 837 796 924 ansrsrao'u
819 870 1021 921 rnnnnuon
1043 869 1286 923 nornnunrsn

263 1067 319 1116 AJJ·
327 1069 384 1113 1³1⁸·
412 1061 536 1141 divina,
579 1062 813 1128 Dunohncnsis
859 1061 1036 1148 episcopus,
1078 1059 1209 1124 dilectis
1246 1059 1283 1124 in
1323 1057 1465 1124 Christo
1479 1077 1642 1130 mma
1727 1099 1728 1102 =

416 1164 493 1229 filiis
528 1217 534 1231 .
566 1217 572 1230 .
608 1216 615 1230 .
649 1163 813 1250 suppriori
843 1163 984 1228 ecclcsiae
1013 1165 1137 1227 nostrae
1160 1161 1405 1241 Dunolmensis,
1428 1165 1465 1224 et

416 1266 582 1353 magistris
604 1265 752 1332 Johanni
774 1267 815 1331 de
839 1265 961 1342 Insula,
981 1264 1067 1349 juris
1089 1264 1198 1330 civilis
1220 1263 1404 1351 professori,
1428 1269 1463 1328 et

419 1369 560 1435 Ricardo
591 1367 631 1433 de
665 1368 801 1453 Eryum,
824 1368 865 1432 de
898 1367 1086 1438 Aukeland’
1118 1371 1153 1432 et
1187 1367 1228 1432 de
1261 1367 1466 1454 Langecestr'

418 1471 623 1536 ecclesiarum
639 1471 812 1548 canonicis,
828 1470 976 1546 salutm,
988 1469 1131 1557 gratiam
1146 1475 1181 1534 et
1195 1469 1466 1534 benedictionem.

418 1573 469 1639 De
491 1575 601 1637 vestra
623 1571 792 1650 fidelitate,
818 1571 1012 1636 discretione
1034 1575 1067 1635 εὴ
1091 1569 1229 1656 provida
1259 1571 1468 1656 circumspec-

419 1674 518 1753 tione,
534 1673 667 1760 plenam
682 1674 719 1736 in
731 1671 875 1738 Domino
897 1671 1051 1736 fiduciam
1067 1672 1264 1750 obtinentes,
1280 1671 1316 1736 in
1331 1672 1466 1760 negotio

420 1777 508 1861 quod
545 1796 723 1852 movemus,
765 1797 808 1840 ex
847 1773 952 1840 officio
986 1779 1109 1851 nostro,
1143 1779 1259 1840 contra
1291 1773 1465 1860 religiosos

418 1878 509 1942 viros
545 1878 689 1963 priorem
721 1883 755 1942 et
788 1881 992 1942 conventum
1031 1877 1144 1942 Beatae
1178 1876 1292 1942 Mar-ia
1315 1876 1467 1954 Karlioli,

420 2001 517 2066 super
551 1979 814 2066 appropriatione
843 1979 987 2044 ccclesiae
1020 1979 1060 2042 de
1084 1978 1311 2064 Quitingham,
1345 1985 1468 2044 nostra

420 2082 578 2164 dioecesis,
609 2087 644 2148 et
677 2073 774 2169 super
807 2081 1075 2161 consolidatione,
1106 2081 1229 2146 unione
1261 2087 1296 2146 et
1328 2081 1468 2146 advoca-

419 2185 521 2263 tione,
547 2183 691 2251 ecclcsiae
714 2183 889 2270 proediotae,
916 2187 950 2248 et
977 2182 1109 2248 vicariae
1132 2182 1287 2268 ejusdem,
1310 2181 1354 2246 ad
1375 2183 1469 2246 audi-

420 2286 543 2352 endum
558 2292 594 2352 ct
606 2286 831 2372 recipiendum
846 2285 998 2362 rationes,
1011 2285 1089 2369 jura
1104 2289 1139 2348 ct
1153 2284 1369 2360 munimenta,
1385 2303 1468 2368 quas

420 2394 550 2474 etqua
573 2389 725 2476 praedicti
760 2440 766 2452 .
799 2439 806 2453 .
841 2437 849 2452 .
884 2387 975 2474 prior
997 2392 1032 2452 et
1054 2392 1235 2452 conventos
1257 2387 1470 2472 praetendunt

419 2512 453 2555 se
475 2491 595 2556 habere
618 2492 654 2554 in
676 2489 860 2578 praemissis,
883 2494 917 2554 et
940 2488 984 2553 ad
1006 2510 1045 2554 ea
1067 2485 1324 2554 examinandum
1347 2495 1382 2554 et
1403 2488 1471 2552 dis-

420 2592 622 2671 cutiendum,
647 2597 680 2656 et
702 2591 827 2656 dictum
852 2590 1024 2676 negotium
1047 2589 1286 2672 diffiniendum,
1311 2612 1349 2657 ac
1371 2613 1470 2676 super

421 2693 606 2779 praemissio,
628 2698 663 2757 et
685 2692 726 2756 de
748 2713 888 2778 persona
910 2691 1036 2771 idonea,
1060 2692 1215 2779 religiosa
1236 2693 1289 2757 vel
1312 2692 1469 2772 saeculari,

420 2796 456 2858 in
479 2795 569 2861 dicta
591 2794 715 2861 vicaria
736 2793 945 2880 praeficienda
966 2800 1001 2859 ct
1023 2795 1237 2876 instituenda,
1260 2816 1388 2861 necnon
1409 2817 1471 2881 pro

420 2896 639 2961 indemnitate
662 2895 804 2962 ecclesiae
826 2902 949 2962 nostrae
978 2896 1213 2962 Dunolmcnsis
1235 2897 1271 2961 in
1292 2897 1354 2962 hac
1376 2903 1470 2983 parte

421 2997 659 3063 decernendum
684 3003 719 3063 et
742 2997 972 3079 ordinandum,
995 2999 1090 3064 vobis
1121 2999 1359 3065 committimus
1382 3001 1471 3066 vices

420 3108 558 3179 nostras,
581 3121 655 3165 cum
678 3100 853 3166 coercionis
887 3101 1052 3167 canonicae
1074 3106 1249 3187 potestate.
1305 3102 1360 3168 Ita
1381 3102 1472 3188 quod

421 3202 449 3266 si
472 3223 532 3266 vos
555 3222 667 3266 omnes
687 3202 874 3289 praemissis,
898 3205 952 3269 vel
975 3225 1087 3269 eorum
1109 3203 1283 3290 aliquibus,
1307 3225 1472 3290 exequen-

421 3304 472 3368 dis
495 3303 594 3369 simul
615 3325 682 3370 non
704 3304 930 3386 interfueritis,
945 3306 1011 3371 duo
1026 3312 1173 3372 vestrum
1188 3327 1270 3391 quos
1292 3311 1472 3392 pratenses

421 3428 490 3471 esse
527 3407 710 3494 contigerit,
746 3427 784 3472 ea
821 3407 1036 3473 nihilominus
1069 3414 1281 3495 exequantur.
1345 3409 1471 3474 Datum

421 3509 510 3595 apud
534 3506 791 3594 Rykhale,xij0.
816 3509 870 3575 die
892 3508 1054 3590 Januarii,
1077 3531 1164 3576 anno
1195 3510 1331 3575 Domini
1364 3511 1472 3576 mille-

422 3611 504 3677 simo
520 3611 679 3696 occ0.xij⁰.,
695 3615 729 3676 ct
744 3611 955 3696 pontificatus
977 3612 1083 3677 nostri
1105 3613 1472 3680 secundo-Praetactis

421 3712 583 3798 religiosis
618 3733 656 3777 ac
688 3711 840 3777 omnibus
873 3713 946 3778 aliis
979 3735 1118 3799 quorum
1149 3714 1308 3780 intererat
1338 3715 1375 3779 in
1410 3716 1472 3782 hac

421 3819 523 3898 parte,
555 3835 664 3880 coram
690 3815 922 3880 commissariis
951 3816 1075 3881 nostris
1089 3816 1265 3903 praedictis,
1288 3818 1332 3883 ad
1364 3825 1471 3884 certos

421 3916 508 3980 diem
531 3921 566 3979 et
587 3917 704 3996 locum,
721 3917 867 4003 legitime
890 3917 1043 3999 evocatis,
1059 3919 1298 4006 propositisque
1321 3924 1355 3985 et
1377 3921 1472 3985 exhi-

421 4018 511 4094 bitis,
533 4039 577 4083 ex
608 4023 702 4104 parte
734 4018 899 4084 dictorum
922 4019 1160 4106 religiosorum,
1183 4042 1242 4107 per
1275 4021 1470 4108 magistrum

421 4120 604 4185 Robertum
636 4121 678 4185 ds
712 4119 890 4207 Suthayk',
912 4128 1155 4207 procuratorem
1188 4145 1286 4188 suum
1322 4124 1470 4211 legitime

421 4222 648 4300 constitutum,
671 4223 941 4308 comparentium,
968 4223 1101 4308 juribus
1133 4231 1167 4290 et
1200 4227 1385 4292 rationibus
1420 4228 1470 4292 di-

420 4324 532 4405 versis,
555 4344 594 4389 ac
616 4323 830 4389 monimentis
853 4329 887 4390 ct
909 4324 1158 4410 probationibus
1184 4326 1268 4406 aliis,
1294 4329 1336 4392 ad
1362 4328 1470 4393 decla-

420 4427 580 4491 rationem
611 4424 697 4510 juris
730 4426 783 4490 sui
819 4425 856 4490 in
890 4427 1074 4513 praemissis,
1097 4428 1269 4514 petitoque
1302 4450 1345 4494 ex
1378 4435 1471 4516 parte

420 4527 596 4592 eorundem
630 4527 858 4614 religiosorum
895 4550 955 4614 pro
985 4529 1062 4614 jure
1095 4551 1154 4596 suo
1185 4531 1405 4617 pronunciari,
1438 4537 1473 4597 et

417 4627 584 4712 justitiam
607 4628 673 4694 sibi
695 4630 766 4695 fieri
789 4630 827 4694 in
849 4631 1024 4717 praedictis,
1048 4652 1149 4717 seque
1171 4632 1209 4695 in
1233 4653 1312 4718 pace
1335 4633 1471 4714 dimitti,

420 4734 581 4815 tanquam
604 4729 802 4798 sufficienter
824 4733 971 4798 munitos
994 4753 1093 4819 super
1115 4732 1248 4814 eisdem,
1270 4733 1359 4802 facta
1388 4755 1471 4820 prae·
