3562 5714
437 799 503 864 916
615 811 813 862 aumsrauu
836 807 1039 860 rammuou
1063 803 1306 859 normanus

282 1027 409 1074 acme,
436 1000 549 1066 venire
580 999 710 1066 facistis
727 986 849 1065 'coram
886 997 1081 1085 justiciariis
1112 995 1243 1075 nostris,
1267 993 1356 1080 apud
1380 993 1484 1058 west·
1502 1003 1657 1057 maenas.

437 1104 681 1180 monasterium,
703 1101 740 1167 in
762 1101 886 1167 octabis
917 1099 1048 1165 Sanctae
1078 1097 1263 1173 Trinitatis,
1296 1095 1484 1160 Johannem

438 1204 478 1269 de
511 1203 669 1288 Horbiry,
691 1224 863 1290 personam
896 1201 1039 1288 ecclesiae
1072 1199 1114 1264 de
1136 1197 1307 1282 Horseley,
1332 1197 1485 1262 clericum

438 1311 595 1386 vestrum,
634 1304 677 1368 ad
714 1303 978 1391 respondendum
1015 1300 1163 1366 Johanni
1201 1299 1241 1365 de
1276 1298 1486 1384 Pykeringge

438 1405 562 1484 clerico,
580 1405 715 1491 juniori,
737 1406 778 1471 de
801 1404 922 1491 placito
945 1403 1030 1489 quod
1052 1403 1169 1467 reddat
1191 1402 1222 1466 ei
1245 1400 1487 1486 quinquaginta

438 1508 539 1573 libras
572 1507 614 1586 de
645 1528 755 1572 annuo
787 1505 921 1572 redditu
954 1509 1086 1570 centum
1120 1502 1307 1582 solidorum,
1335 1523 1433 1587 quem
1456 1501 1487 1566 ei

439 1609 545 1688 debet,
560 1615 600 1673 ut
615 1607 698 1673 dicit
711 1632 719 1686 ;
743 1611 777 1672 et
790 1607 889 1672 'unde
904 1607 1084 1671 vicecomes
1107 1610 1219 1670 noster
1234 1603 1485 1670 Nerthumbrise

438 1708 523 1786 alias
552 1709 726 1774 mandavit
753 1708 948 1792 justiciariis
981 1707 1112 1784 nostris,
1145 1706 1235 1791 apud
1264 1706 1486 1770 westmonas-

438 1811 568 1888 terium,
591 1811 678 1895 quod
701 1809 879 1895 praedictus
901 1808 1069 1873 Johannes
1100 1806 1140 1871 de
1174 1806 1323 1890 Horbiry
1350 1806 1486 1872 clericus

438 1919 497 1991 est,
521 1917 555 1976 et
577 1932 645 1976 non
676 1911 777 1976 habet
806 1911 927 1976 laicum
958 1909 1088 1974 feodum
1122 1909 1158 1972 iu
1189 1908 1313 1974 balliva
1335 1929 1403 1985 sua,
1426 1908 1485 1973 ubi

437 2016 549 2099 potest
562 2012 770 2079 summoneri.
816 2012 862 2077 Et
876 2011 997 2088 sciatis,
1013 2011 1110 2096 quod,
1125 2009 1192 2073 nisi
1213 2009 1277 2075 hoc
1292 2009 1485 2074 mandatum

437 2118 587 2179 nostrum
618 2113 713 2199 plene
743 2113 961 2199 exequamini‚
984 2112 1130 2198 graviter
1156 2111 1200 2175 ad
1229 2131 1289 2174 vos
1311 2111 1485 2196 capiemus.

437 2217 482 2281 Et
503 2216 654 2282 habeatis
685 2214 733 2279 ibi
764 2215 825 2281 hoc
857 2215 965 2280 breve.
1026 2213 1131 2292 Teste,
1154 2213 1204 2278 W.
1238 2213 1279 2277 de
1312 2213 1485 2292 Bereford',

436 2318 523 2405 apud
547 2317 885 2395 westmonasterium,
907 2313 990 2402 xvj⁰.
1006 2315 1061 2380 die
1083 2314 1262 2394 Februarii,
1284 2335 1371 2380 anno
1393 2315 1485 2404 regni

437 2419 542 2484 nostri
565 2423 667 2485 sexto.

682 2621 969 2708 Sequestravimus
991 2622 1078 2688 bona
1099 2621 1317 2688 ecclesiastica
1339 2621 1489 2709 praedicti

636 2722 660 2790 J
662 2725 800 2791 ohannis
815 2725 856 2790 de
873 2725 1030 2810 Horbiry,
1046 2723 1258 2812 injungentes
1273 2725 1379 2790 eidem
1402 2724 1488 2811 quod

438 2822 483 2887 sit
505 2824 547 2888 ad
571 2825 658 2892 diem
680 2827 716 2891 in
739 2827 834 2894 brevi
855 2831 1057 2894 contentum.

437 2689 585 2740 Iteturnum.

438 3029 520 3083 Breve
531 3033 628 3111 domini
637 3035 705 3114 regis
783 3025 974 3106 Edwardus‚
1005 3029 1070 3094 Dei
1104 3029 1221 3116 gratia,
1253 3033 1323 3106 etc,
1353 3049 1489 3095 venera·

408 3100 705 3230 ,jss‘fiffffijffgssf
737 3129 798 3194 uu
830 3129 866 3193 in
897 3130 1037 3209 curua,
1064 3135 1124 3196 ea.
1174 3130 1372 3196 nudamus
1394 3131 1489 3196 vous

294 3249 342 3329 020
439 3230 505 3296 biry.
738 3232 828 3316 quod
853 3231 966 3296 venire
1004 3231 1133 3297 faciatis
1168 3254 1276 3299 coram
1295 3231 1490 3317 justiciariis

353 3335 374 3380 ·''
439 3332 571 3412 nostris,
592 3334 682 3420 apud
704 3333 1042 3412 westmonasterium,
1067 3355 1087 3398 a
1109 3333 1163 3398 die
1192 3332 1326 3399 Paschae
1356 3335 1391 3398 in
1423 3339 1490 3398 tres

438 3439 646 3524 septimanas,
678 3440 866 3506 Johannem
899 3439 940 3504 de
963 3439 1119 3524 Horbiry,
1142 3460 1316 3525 personam
1343 3439 1488 3522 ecclesiia

438 3539 479 3605 de
502 3541 673 3628 Horseley,
697 3543 849 3610 clericum
881 3546 1039 3618 vestrum,
1067 3541 1110 3605 ad
1142 3541 1407 3628 respondendum
1429 3541 1490 3607 Jo-

437 3639 542 3706 hanni
572 3643 613 3707 de
645 3643 844 3730 Pykeryng’,
869 3642 993 3720 clerico,
1012 3642 1147 3728 juniori,
1170 3644 1210 3710 de
1244 3643 1367 3729 placito
1401 3643 1490 3728 quod

437 3741 555 3806 reddat
577 3745 608 3807 ei
631 3744 752 3831 viginti
775 3745 941 3831 quarteria
963 3765 1086 3821 avenae,
1116 3745 1215 3829 pretii
1238 3744 1382 3829 quinque
1405 3766 1490 3809 mar-

438 3862 559 3922 carum,
582 3849 656 3929 q'uae
680 3845 709 3909 ei
733 3844 855 3931 injuste
878 3846 1015 3923 detinet,
1040 3851 1080 3910 ut
1103 3845 1207 3926 dicit;
1231 3853 1266 3910 et
1289 3845 1376 3910 unde
1402 3846 1489 3910 vice-

438 3964 544 4010 comes
566 3952 677 4011 noster
691 3947 943 4013 Nerthumbriae
961 3947 1134 4012 mandavit
1150 3948 1345 4034 justiciariis
1359 3950 1490 4027 nostris,

437 4047 527 4131 apud
568 4047 902 4127 westmonasterium,
938 4048 975 4112 in
1012 4049 1156 4115 crastino
1194 4049 1309 4116 Sancti
1343 4051 1490 4131 Martini,

438 4149 525 4231 quod
548 4150 724 4234 praedictus
754 4151 924 4217 Johannes
954 4151 995 4216 de
1026 4151 1187 4238 Horbyry
1209 4151 1345 4219 clericus
1372 4159 1430 4232 est,
1456 4159 1491 4218 et

438 4269 505 4313 non
527 4249 629 4316 habet
651 4251 772 4318 laicum
802 4253 936 4318 feodum
969 4254 1006 4316 in
1038 4253 1163 4320 balliva
1193 4275 1261 4331 sua,
1286 4254 1345 4319 ubi
1380 4261 1491 4340 potest

439 4352 646 4417 summoneri.
693 4354 738 4418 Et
759 4354 911 4420 habeatis
933 4354 981 4420 ibi
1003 4354 1066 4422 hoc
1089 4357 1196 4423 breve.
1242 4356 1349 4436 Teste,
1372 4360 1424 4425 w.
1448 4360 1489 4424 de

437 4453 612 4536 Bereford',
635 4459 723 4544 apud
745 4459 1083 4541 westmonasterium,
1113 4462 1221 4548 xxvjo.
1249 4463 1303 4528 die
1324 4463 1488 4545 Januarii,

437 4577 524 4622 anno
547 4559 639 4641 regni
662 4560 766 4626 nostri
790 4567 892 4628 sexto.
