3452 5702
494 757 694 810 nnorsrsuu
717 758 920 811 rsmmruu
943 761 1182 816 nuummnrsn.
1298 753 1361 821 711

144 953 305 1010 Anseres.
315 943 496 1030 recepimus
518 942 975 1030 infrascriptiz-Venerebili
997 947 1034 1012 in
1056 947 1196 1029 Christo,
1230 953 1290 1016 etc.
1321 957 1362 1017 ut
1390 963 1514 1014 sume.

316 1067 432 1132 ecprc.
478 1046 625 1127 Quarum
640 1047 846 1126 auctoritate,
862 1049 1001 1135 praefeto
1016 1048 1178 1138 Philippo,
1194 1053 1358 1132 canonico,

319 1149 422 1214 electo
443 1152 477 1213 ct
500 1149 692 1216 confirmato
726 1149 779 1214 die
810 1150 980 1216 Dominics
1010 1153 1161 1238 proxime
1194 1158 1272 1220 ente
1297 1155 1361 1220 fes-

315 1255 389 1314 tum
400 1249 513 1317 Sancti
523 1249 689 1316 Johennis
704 1236 864 1337 Baptistae
880 1252 998 1317 ultimo
1013 1254 1170 1340 elapsum,
1185 1255 1223 1319 in
1237 1257 1361 1343 capelle

314 1351 400 1416 infre
414 1353 597 1418 manerium
620 1359 770 1418 nostrum
793 1353 847 1418 del
862 1353 1029 1435 Welheile,
1047 1353 1261 1423 Eboracensis
1277 1358 1359 1426 dioe-

312 1453 400 1532 cesis,
424 1455 558 1532 situete,
579 1455 722 1533 nomine,
746 1455 817 1520 vioe
847 1460 882 1521 et
908 1457 1115 1535 auctoritate,
1138 1459 1220 1524 dicti
1242 1461 1356 1546 petris,

314 1577 434 1621 munus
453 1556 701 1636 benedictionis,
717 1557 872 1622 informe
887 1558 999 1624 debite
1020 1565 1055 1625 et
1072 1562 1236 1638 canonice,
1258 1561 1356 1628 duxi·

317 1681 389 1724 mus
411 1659 679 1746 impendendum,
709 1659 940 1746 professionem
963 1659 1044 1726 dicti
1066 1661 1177 1728 fratris
1200 1663 1355 1751 Philippi,
1433 1741 1438 1750 ,

316 1783 454 1847 pernes
476 1766 640 1848 receptam
662 1761 705 1826 ab
729 1763 850 1840 eodem,
875 1763 935 1826 sub
957 1762 1082 1829 minore
1105 1765 1212 1852 sigillo
1233 1773 1355 1844 nostro,

315 1863 416 1941 vobis,
439 1868 538 1950 prout
561 1863 598 1928 in
620 1863 717 1928 dictis
740 1863 860 1928 vestris
893 1863 997 1930 literis
1020 1867 1218 1953 exprimitur
1240 1869 1353 1934 remit·

313 1969 431 2031 tentes.
477 1965 546 2030 Diu
575 1965 685 2030 valeat
715 1971 827 2030 vestra
857 1964 1010 2032 discretio
1033 1967 1069 2030 in
1098 1968 1185 2032 Filio
1215 1968 1355 2056 virginis

312 2066 468 2153 gloriosae.
514 2067 641 2132 Detum
672 2067 762 2151 apud
794 2065 1030 2144 Commorim,
1066 2068 1137 2153 vijo·
1171 2069 1238 2136 kal.
1262 2070 1354 2154 Juiii,

312 2190 399 2233 enno
422 2169 558 2234 Domini
580 2167 754 2233 millesimo
776 2165 925 2234 ccc⁰.xv⁰.
1161 2251 1168 2266 .

357 2270 484 2336 Christi
494 2268 647 2334 fidelibus
662 2269 823 2335 universis
837 2273 1015 2356 praesentes
1030 2269 1142 2337 literas
1151 2270 1355 2360 inspecturis,

175 2373 181 2380 '
312 2372 482 2450 Ricardus,
513 2372 723 2458 permissione
752 2371 875 2452 divine,
904 2372 1138 2438 Dunolmensis
1179 2375 1355 2462 episcopus,

312 2474 452 2540 salutem
475 2474 510 2538 in
526 2474 672 2538 omnium
688 2473 864 2540 Salvatore.
911 2475 967 2538 Ad
988 2474 1215 2540 universitatis
1236 2481 1355 2544 vestrae

309 2577 464 2641 notitiem
481 2575 670 2640 deducimus
691 2596 749 2661 per
771 2579 957 2664 praesentes,
980 2575 1069 2661 quod
1099 2576 1153 2642 die
1182 2577 1354 2644 Dominicis

307 2681 455 2766 proxime
478 2685 556 2746 ente
592 2680 712 2746 festum
743 2679 858 2746 Sancti
879 2679 1044 2744 Johennis
1075 2681 1245 2767 Baptistae,
1266 2705 1354 2749 anno

309 2783 442 2846 Domini
465 2783 638 2848 millesimo
662 2795 825 2860 ccc⁰.xv⁰.,
856 2783 892 2846 in
917 2781 1041 2868 capelle
1062 2781 1149 2848 infin
1170 2786 1353 2851 manerium

308 2891 455 2950 nostrum
470 2884 524 2950 del
546 2883 714 2963 Welhnlle,
730 2885 942 2955 Eborucensis
965 2885 1123 2966 dioecesis,
1146 2885 1279 2966 situata,
1295 2911 1354 2974 per

308 2987 526 3052 venerabilem
541 2988 650 3051 virum
665 2986 860 3072 magistrum
875 2985 1354 3064 R,deeanumeee10siaebeaei

309 3087 398 3154 Petri
408 3088 629 3165 meranensis,
638 3109 675 3154 ec
689 3087 887 3153 venerabilis
904 3087 939 3152 in
952 3087 1084 3154 Christo
1096 3089 1208 3176 petris,
1218 3091 1354 3169 domini,

307 3193 370 3258 Dei
398 3192 512 3278 gretie,
536 3189 766 3277 archiepiscopi
792 3183 1012 3271 Eboracensis‚
1038 3190 1169 3276 Angliae
1195 3193 1355 3278 primatis,

307 3296 377 3381 ipso
407 3299 502 3360 extre
523 3314 616 3372 suem
640 3297 759 3380 ugente
781 3292 957 3370 dioecesim,
979 3292 1138 3358 vicarium
1160 3295 1353 3379 generalem,

309 3397 522 3462 sufficientem
547 3394 723 3461 habentem
745 3416 805 3481 per
829 3416 905 3460 sues
933 3399 1085 3482 petentes
1106 3394 1220 3460 literas
1244 3401 1353 3482 potes-

308 3505 420 3581 tatem,
453 3520 591 3585 quarum
624 3504 720 3563 tenor
754 3497 891 3562 inferius
934 3496 1079 3583 plenarie
1113 3497 1355 3578 continetur,-

308 3595 505 3679 Vcnerebili,
526 3605 595 3678 etc,
617 3607 657 3665 ot
679 3597 978 3686 repre-prefato
1002 3597 1163 3684 Phiiippo,
1179 3599 1289 3680 electo,
1315 3606 1354 3669 ut

309 3703 532 3789 praemittitur,
555 3705 591 3766 et
611 3701 811 3780 confirmato,
826 3700 967 3780 nomine,
992 3701 1064 3766 vice
1086 3707 1121 3766 ct
1145 3703 1351 3786 auctoritate,

311 3805 393 3869 dicti
415 3805 528 3891 petris,
550 3804 586 3868 in
608 3802 713 3869 forme
734 3803 848 3869 debite
869 3806 903 3868 et
925 3802 1088 3881 canonice,
1111 3824 1230 3869 munus
1252 3805 1351 3872 bene·

310 3906 460 3972 dictionis
482 3905 636 3972 duximus
651 3906 913 3994 impendendum,
929 3905 1038 3970 omnic
1053 3905 1128 3983 elic,
1143 3927 1218 3991 quae
1231 3905 1268 3968 in
1291 3905 1354 3972 hec

309 4014 402 4095 parte
422 4008 602 4074 necessarie
622 4008 765 4086 fuerunt,
787 4012 823 4074 et
843 4029 902 4094 per
921 4029 982 4073 nos
1003 4007 1076 4070 fieri
1099 3993 1353 4087 mcndnbeirtur,

310 4113 395 4178 circe
427 4133 513 4190 eum,
535 4110 705 4177 efficaciter
738 4115 933 4178 exercentes.
979 4109 1021 4173 In
1053 4107 1146 4194 eujus
1178 4107 1226 4172 rei
1259 4109 1352 4174 testi-

309 4215 464 4293 monium,
487 4214 545 4283 hus
573 4214 686 4282 literne
715 4214 873 4302 pmdicto
904 4263 942 4279 ..
972 4211 1087 4276 abbati
1116 4209 1188 4274 fieri
1217 4210 1353 4276 fecimus

307 4324 467 4404 patentes,
482 4319 588 4406 sigillo
610 4321 723 4385 nostro
745 4317 900 4403 signatus.
943 4312 1070 4377 Datum
1093 4311 1183 4396 apud
1204 4311 1249 4377 Le
1264 4309 1353 4376 Wel·

307 4419 400 4502 hrdle
424 4421 478 4487 die
500 4425 535 4488 et
556 4443 644 4488 enno
666 4417 872 4507 supradietis,
894 4419 928 4481 et
958 4411 1208 4481 consecrationis
1230 4419 1352 4481 nostrae

305 4522 430 4608 quintos
