3538 5712
493 835 692 888 aaursrnurr
712 831 915 887 1111116611
936 835 1177 886 6611111166
1270 822 1354 885 1111

134 1041 295 1097 1666161.
307 1023 515 1118 episcopatus
545 1021 787 1101 Dunolmensis,
810 1025 958 1110 tempore
980 1021 1130 1099 Antonii,
1158 1041 1264 1108 nuper
1286 1020 1355 1106 epi·
1385 1037 1507 1085 1111611.

244 1202 249 1213 ,
307 1128 396 1214 scopi
418 1126 481 1194 loci
513 1125 612 1206 illius,
634 1124 877 1213 praedecessoris
907 1125 1020 1204 vestri,
1051 1122 1167 1198 certis¹
1183 1124 1224 1190 de
1250 1123 1355 1189 causis

308 1237 405 1315 capta
427 1227 493 1293 fuit
525 1226 562 1292 in
593 1247 727 1292 manum
761 1226 864 1313 ipsius
886 1226 990 1313 patris
1023 1225 1136 1305 nostri,
1158 1225 1201 1291 ad
1232 1227 1355 1291 sectam

311 1329 479 1416 Radulphi
509 1328 570 1393 filii
592 1325 761 1405 willelmi,
790 1327 854 1394 sibi
884 1327 1089 1415 suggerentis
1110 1332 1225 1394 notam
1247 1325 1354 1411 cujus-

308 1431 384 1496 dam
406 1431 483 1496 finis
516 1430 552 1495 in
586 1429 678 1496 curia
698 1429 847 1517 praedr‘cti
878 1429 1122 1516 praedeeessoris
1143 1426 1255 1506 vestri,
1278 1433 1356 1492 ante

309 1532 494 1619 captionem
510 1531 610 1611 illam,
625 1533 713 1598 inter
734 1532 843 1618 ipsum
858 1531 1071 1618 Radulphum
1093 1537 1128 1597 et
1150 1529 1352 1595 Willelmum

307 1632 419 1720 Sayer,
441 1639 475 1698 et
497 1633 726 1720 Margaratam‚
741 1655 877 1699 uxorem
900 1634 978 1720 ejus,
1001 1633 1043 1698 de
1064 1633 1205 1720 triginta
1225 1629 1355 1697 libratis

307 1733 464 1812 redditus,
486 1739 520 1800 et
542 1734 676 1801 redditu
691 1734 911 1832 quodraginta
924 1735 1165 1820 quarteriomm
1187 1732 1355 1812 frumenti,

307 1835 525 1922 quadraginta
539 1837 779 1921 quarteriorum
794 1836 918 1915 hordei,
932 1842 966 1902 et
980 1836 1102 1924 viginti
1117 1835 1357 1921 quarteriorum

309 1957 521 2014 evanescam
541 1937 759 2024 pertinentiis,
774 1938 811 2002 in
832 1938 979 2003 manerio
1001 1938 1042 2002 de
1065 1937 1232 2002 Brereton'
1247 1936 1359 2001 levata

309 2039 416 2120 fuisse,
426 2059 486 2125 per
496 2039 682 2126 captionem
697 2039 889 2127 praedictam
898 2039 1146 2126 ingrossandam
1157 2038 1359 2116 remansisse,

309 2145 344 2207 et
367 2141 468 2207 etiam
490 2139 707 2228 interipsum
723 2140 937 2228 Radulphum
953 2146 988 2205 61
1002 2138 1189 2206 Galsridum
1211 2139 1252 2205 de
1275 2138 1361 2203 Her-

311 2242 444 2330 trepole,
466 2245 635 2310 tenentem
657 2241 796 2308 manerii
825 2242 985 2329 praedicti,
1009 2241 1175 2328 quandam
1196 2239 1361 2325 loquelam

310 2346 351 2410 de
389 2347 636 2409 alternamento
674 2344 823 2410 redditus
859 2343 1016 2431 praedicti,
1049 2343 1085 2408 in
1118 2341 1233 2408 eadem
1262 2341 1361 2419 curia,

311 2445 465 2513 habuisse
503 2445 627 2512 dictam
664 2451 779 2512 notam
816 2450 851 2511 et
887 2446 1067 2525 1666111661,
1104 2449 1139 2512 61
1175 2463 1361 2532 processum
1448 2490 1451 2498 .

313 2547 452 2634 16666116
482 2547 582 2626 illius,
604 2567 713 2614 coram
744 2547 889 2613 Henrico
910 2547 951 2612 de
985 2545 1176 2613 Guldeford'
1198 2551 1233 2610 61
1266 2544 1361 2611 sociis

311 2651 388 2728 suis,
406 2649 599 2736 justiciariis
621 2648 767 2734 ejusdem
788 2649 893 2735 patris
915 2648 1030 2726 nostri,
1045 2647 1082 2713 in
1104 2646 1258 2712 libertate
1280 2667 1362 2733 prae-

311 2757 408 2833 dicta,
432 2756 512 2821 dum
543 2754 579 2820 in
601 2777 703 2820 manu
734 2775 794 2820 sua
816 2755 939 2833 extitit,
961 2776 1021 2841 per
1051 2755 1238 2842 captionem
1271 2759 1363 2820 anto-

312 2857 436 2923 dictam
461 2856 574 2922 venire
595 2855 735 2935 fecisset,
757 2856 800 2921 ad
832 2861 947 2923 notam
979 2855 1072 2922 illam
1104 2855 1360 2944 ingrossandam,

321 2962 355 3024 et
373 2958 540 3045 justitiam
571 2957 710 3024 ulterius
742 2957 942 3034 faciendam
966 2963 1091 3040 611166,
1114 2979 1174 3046 pro
1205 2978 1244 3024 66
1274 2958 1363 3045 quod

311 3062 420 3127 dictus
442 3065 537 3146 pater
559 3065 678 3139 noster,
701 3061 863 3147 pendente
894 3081 1001 3127 coram
1024 3061 1138 3127 eodem
1161 3060 1306 3127 Henrioo
1329 3065 1364 3128 et

311 3162 406 3228 sociis
442 3163 511 3228 suis
542 3163 675 3250 negotio
707 3167 896 3241 memorato,
927 3163 1020 3243 obiit,
1042 3167 1077 3228 61
1109 3163 1146 3228 111
1178 3162 1363 3230 redditione

313 3265 478 3330 libertatis
512 3265 687 3350 praedictae,
712 3285 821 3352 quam,
842 3269 918 3352 post
953 3269 1092 3330 mortem
1123 3263 1226 3352 ipsius
1258 3267 1364 3353 patris

315 3365 427 3446 nostri,
452 3364 589 3453 praefato
623 3365 851 3453 praedecessori
881 3371 993 3432 vestro
1024 3365 1170 3445 fecimus,
1192 3367 1234 3432 de
1256 3367 1364 3454 gratia

313 3473 427 3534 nostra
449 3469 590 3555 speciali,
613 3468 833 3554 cognitionem
854 3467 981 3555 negotii
1012 3467 1170 3553 praedicti,
1192 3489 1260 3533 una
1289 3490 1363 3535 eum

318 3571 503 3658 cognitione
541 3569 745 3656 quorundam
779 3568 920 3635 aliorum
954 3569 1150 3657 placitorum
1184 3570 1220 3634 in
1260 3569 1365 3635 literis

315 3673 357 3738 de
392 3671 579 3738 redditione
614 3669 672 3736 illa
708 3675 948 3752 contentorum,
986 3671 1081 3737 nobis
1127 3671 1365 3738 reservavimus

320 3778 430 3839 totum
453 3772 623 3860 negotium
645 3771 737 3838 illud·
751 3793 858 3840 coram
880 3772 984 3851 nobis,
1007 3794 1065 3860 per
1086 3773 1185 3840 breve
1206 3779 1366 3853 nostrum,

319 3877 361 3942 ad
384 3879 507 3942 sectam
530 3875 680 3962 praedicti
703 3873 879 3962 Redulphi,
901 3874 1013 3942 venire
1035 3875 1215 3955 fecerimus,
1238 3881 1281 3955 et,
1310 3898 1367 3943 na-

317 3978 407 4065 gotio
440 3977 498 4042 illo
520 3977 783 4057 indeterminate,
805 3983 876 4044 tam
909 3979 1081 4044 recordum
1115 3983 1149 4044 et
1181 3999 1379 4066 processum¹
1463 3975 1466 3981 ’

320 4081 407 4159 inde,
430 4099 505 4165 quae
534 4100 642 4145 coram
664 4079 758 4145 nobis
780 4083 950 4159 venerunt,
973 4099 1073 4165 quam
1103 4101 1142 4146 ea
1163 4102 1238 4166 6616
1259 4102 1367 4146 coram
1418 4115 1421 4120 ¹

321 4182 418 4249 nobis
441 4202 539 4268 super
553 4181 615 4248 hoc
631 4181 720 4247 inter
737 4179 876 4270 [partes]
901 4181 1075 4268 praedictas
1096 4180 1213 4247 habita
1234 4182 1370 4246 fuerunt

320 4286 362 4350 ad
385 4283 645 4373 procruationem
668 4283 799 4371 praefsti
821 4283 998 4371 Radulphi,
1022 4283 1110 4351 dicto
1141 4283 1369 4371 praedecessori

318 4394 428 4454 vestro
442 4386 627 4454 miserimus
650 4387 694 4452 ad
713 4385 898 4452 faciendam
914 4385 1082 4472 justitium
1105 4386 1204 4453 dictis
1217 4385 1368 4474 partibus

318 4489 408 4556 infra
440 4488 627 4555 libertatem
658 4509 752 4554 suam
782 4488 994 4575 praedictam
1024 4489 1074 4556 116
1108 4489 1195 4575 quod
1216 4509 1276 4577 pro
1310 4487 1366 4554 de-

319 4594 408 4660 fectu
433 4590 575 4677 justitias
598 4596 707 4678 partes
736 4590 825 4678 ipsas
846 4592 889 4656 ad
911 4612 971 4657 nos
992 4613 1156 4658 recurrere
1178 4591 1366 4657 nullatenus

320 4697 506 4783 oporteret;
542 4714 581 4758 ac
616 4713 677 4758 nos
710 4715 824 4779 nuper,
856 4715 898 4758 ex
928 4693 1022 4779 gravi
1053 4693 1186 4779 querela
1218 4693 1367 4780 praedicti
