3524 5716
489 815 689 866 nnarsrnun
712 812 913 866 ranarruuu
935 815 1175 868 naumurum.
1268 803 1355 867 1199

140 1007 382 1072 despuaaeum
417 1006 626 1094 pertinentiis
659 1007 735 1082 suis,
766 1007 810 1071 ad
843 1011 948 1072 totam
980 1007 1086 1073 vitam
1119 1007 1223 1093 ipsius
1256 1006 1357 1073 Alani
1385 1009 1509 1055 mili·

307 1113 422 1174 contra
443 1131 562 1176 omnes.
616 1109 661 1173 Et
691 1130 750 1194 pro
782 1108 844 1174 hac
873 1109 1086 1186 concessione,
1108 1109 1292 1174 redditione
1322 1113 1357 1174 et

312 1212 482 1289 warentia,
505 1210 683 1298 praedictus
710 1209 885 1288 Henricus,
908 1211 949 1276 de
971 1232 1104 1277 assensu
1128 1216 1163 1277 et
1184 1211 1355 1276 voluntate

305 1313 456 1399 praedicti
478 1313 604 1378 domini
627 1311 777 1398 episcopi,
800 1312 968 1391 concessit,
983 1335 1043 1400 pro
1065 1334 1100 1378 se
1123 1317 1157 1378 et
1171 1312 1356 1378 haeredibus

306 1415 382 1492 suis,
398 1415 485 1500 quod
508 1415 572 1500 ipsi
593 1414 732 1479 reddent
753 1415 911 1502 praedicto
929 1415 1044 1492 Alano,
1058 1415 1148 1502 apud
1163 1415 1356 1501 Wynyard',

306 1517 416 1583 decem
437 1517 539 1582 libras
561 1517 699 1603 argenti,
719 1517 763 1581 ad
784 1517 866 1582 duos
889 1517 969 1584 anni
990 1517 1169 1598 terminos;
1199 1517 1357 1582 mediata·

305 1625 381 1695 tem,
397 1619 529 1698 scilieet,
553 1619 595 1683 ad
620 1618 843 1696 Pentecosten,
867 1627 902 1686 et
923 1620 1061 1686 alteram
1086 1619 1298 1685 medietatem
1314 1618 1356 1684 ad

184 1780 190 1792 ,
305 1719 426 1786 festum
456 1719 571 1787 Sancti
602 1720 739 1786 Martini
768 1721 806 1785 in
836 1721 956 1787 Hieme
979 1721 1160 1799 annuatim,
1184 1721 1228 1786 ad
1250 1725 1354 1787 totam

304 1823 410 1888 vitam
432 1823 537 1910 ipsius
559 1821 667 1890 Alani.
706 1822 770 1901 Ita,
793 1823 924 1902 scilicet,
939 1825 1028 1909 quod
1051 1824 1162 1890 omnia
1191 1829 1289 1890 terrae
1319 1828 1353 1888 et

305 1930 493 1991 tenemento
515 1925 556 1990 de
579 1925 805 1999 Redmershiil’
828 1931 1021 1993 remaneant
1043 1927 1196 2012 obligata,
1220 1925 1263 1991 ad
1286 1924 1353 1990 dis·

304 2027 491 2093 trictionem
514 2027 617 2113 ipsius
631 2027 740 2108 Alani,
756 2049 816 2115 pro
837 2029 1005 2114 praedictis
1021 2027 1132 2094 decem
1148 2027 1241 2092 libris
1266 2027 1353 2114 [per-

304 2129 476 2216 cipiendis]
495 2129 646 2215 quotiens
667 2129 779 2215 aliqua
794 2151 869 2216 pars
891 2131 1054 2196 dictarum
1069 2130 1180 2197 decem
1195 2129 1354 2194 librarum

304 2252 326 2296 a
346 2237 434 2296 retro
455 2232 557 2296 fuerit
579 2253 638 2319 per
659 2253 791 2310 annum,
814 2231 859 2296 ad
880 2236 986 2298 totam
1001 2233 1107 2297 vitam
1121 2231 1226 2318 ipsius
1240 2231 1351 2312 Alani,

305 2339 339 2399 ct
365 2334 467 2419 [quod
481 2333 599 2420 possit]
617 2333 858 2399 districtionem
872 2334 963 2416 illam
984 2339 1104 2411 tenere,
1120 2355 1289 2419 quousque
1311 2334 1352 2399 de

304 2435 475 2520 arreragiis
490 2434 653 2500 dictarum
668 2434 779 2500 decem
793 2435 951 2501 librarum
967 2435 1073 2500 eidem
1087 2435 1195 2501 Alano
1210 2436 1356 2522 plenarie

304 2537 405 2602 fuerit
419 2537 631 2605 satisfactum.
663 2537 709 2602 Et
723 2538 877 2604 similiter
899 2538 1058 2608 concessit
1071 2538 1160 2614 idem
1183 2539 1355 2616 Hearicus,

304 2661 364 2726 pro
393 2660 428 2704 se
454 2644 487 2704 et
518 2639 704 2705 haeredibus
735 2640 812 2718 suis,
841 2640 991 2708 invenire
1012 2640 1150 2727 praefato
1172 2641 1289 2719 Aiane,
1311 2641 1356 2707 ad

304 2745 410 2806 totam
432 2741 538 2807 vitam
574 2742 679 2827 ipsius
701 2741 811 2820 Alani,
844 2743 934 2829 apud
957 2743 1137 2829 Wynyard,
1170 2743 1291 2809 bonam
1321 2748 1356 2808 et

303 2844 474 2909 honestam
489 2844 761 2910 sustentationem
784 2845 821 2908 in
842 2845 935 2910 victu
958 2850 993 2910 et
1006 2846 1140 2923 vestitu,
1166 2847 1300 2923 scilicet,
1314 2846 1351 2910 in

304 2947 477 3013 esculentis
500 2951 535 3011 et
565 2945 758 3033 poculentis,
779 2947 876 3023 robis,
906 2947 1011 3012 laneis
1039 2952 1077 3014 at
1099 2947 1204 3026 lineis,
1228 2949 1349 3015 cadosa-

303 3049 425 3115 mentis
456 3053 490 3114 et
512 3048 664 3114 omnibus
685 3047 759 3115 aliis
781 3049 979 3128 necessariis,
1001 3071 1060 3136 pro
1082 3044 1154 3137 ipso
1177 3051 1293 3128 Alano,
1316 3056 1351 3116 et

303 3152 402 3218 etiam
425 3151 552 3218 victum
575 3156 610 3217 et
631 3151 793 3217 vestitum
812 3152 942 3218 cuidam
966 3152 1112 3238 garcioni
1141 3154 1184 3219 ad
1207 3155 1351 3219 servien-
1422 3235 1424 3242 Α

294 3255 381 3318 'dum
403 3254 468 3340 ipsi
490 3254 607 3332 Alano,
629 3255 672 3320 ad
694 3259 799 3320 totam
821 3254 927 3320 vitam
952 3255 1056 3340 ipsius
1079 3255 1186 3322 Alani.
1247 3257 1292 3321 Et
1325 3258 1354 3322 si

275 3431 278 3438 ⁴
303 3357 449 3422 fortassis
472 3357 580 3423 dictus
595 3357 722 3422 Aianus
745 3356 786 3421 dc
810 3357 1049 3423 sustentatione
1067 3349 1257 3443 hujusmodi
1275 3380 1351 3424 con·

303 3462 416 3523 tentus
451 3479 519 3523 esse
549 3459 702 3536 nolucrit,
725 3462 849 3524 extunc
881 3458 1058 3544 praedictus
1089 3459 1253 3524 Hemicus
1276 3481 1351 3524 con-

302 3561 409 3638 cessit,
423 3582 482 3648 pro
497 3581 532 3625 se
547 3566 581 3625 et
595 3560 781 3626 haeredibus
803 3560 879 3637 suis,
894 3560 1066 3626 annuatim
1090 3559 1224 3625 reddare
1247 3560 1353 3626 eidem

301 3662 409 3729 Aiane
440 3685 496 3729 xa.
520 3684 646 3730 marcas
677 3663 806 3750 argenti
840 3663 877 3728 in
908 3663 1054 3728 manerio
1086 3663 1128 3728 de
1160 3663 1351 3749 Wynyard’,
1415 3741 1417 3746 ,

302 3788 360 3851 pro
395 3767 634 3832 sustentatione
664 3766 832 3852 praedicta,
865 3765 1029 3843 videlicet,
1059 3765 1271 3832 medietatem
1305 3766 1348 3831 ad

303 3866 526 3945 Pentecosten,
560 3873 594 3934 et
624 3868 723 3934 aliam
756 3868 968 3934 medietatem
1000 3868 1043 3932 ad
1074 3868 1195 3932 festum
1235 3867 1350 3933 Sancti

301 3969 438 4035 Martini
460 3971 497 4035 in
519 3970 658 4051 Hieme;
680 3971 730 4036 ita
751 3971 839 4057 quod
853 3976 951 4036 terrae
974 3975 1008 4034 et
1030 3975 1220 4036 tenemento
1241 3971 1352 4035 omnia

300 4073 459 4159 praedicta
481 4072 522 4138 de
543 4072 726 4159 Wynyard,
750 4073 793 4138 ad
816 4093 1083 4159 quorumcsmque
1114 4093 1231 4137 manus
1253 4074 1351 4138 deve·

299 4175 419 4253 nerint,
445 4175 844 4261 specialiterremaneant
874 4175 1017 4262 obligata
1046 4174 1245 4240 districtioni
1268 4195 1352 4261 prae-

300 4278 382 4344 dicti
418 4277 527 4356 Alani,
565 4299 624 4365 pro
662 4278 827 4364 praedictis
864 4277 986 4363 viginti
1023 4278 1140 4344 marcis
1177 4277 1350 4342 annuatim

299 4381 525 4468 percipiendis,
564 4380 844 4466 quotienscunque
886 4380 997 4464 aliqua
1027 4403 1104 4466 pars
1137 4380 1269 4444 illarum
1299 4379 1350 4442 vi·

300 4482 385 4568 ginti
431 4503 616 4548 marearum
654 4505 674 4547 a
711 4487 798 4546 retro
836 4503 904 4547 esse
944 4481 1128 4568 contigerit,
1163 4481 1207 4547 ad
1243 4485 1349 4545 totam

299 4584 404 4648 vitam
440 4585 544 4670 ipsius
578 4583 688 4662 Alani,
720 4583 823 4649 donec
865 4584 895 4647 ei
928 4583 1072 4670 plenarie
1104 4584 1145 4648 de
1182 4583 1350 4670 praedictis

299 4686 472 4773 arreragiis
503 4686 604 4753 fuerit
635 4686 847 4752 satisfactum.
904 4686 949 4751 Et
982 4691 1148 4772 praeterea,
1172 4686 1350 4773 praedictus
