3570 5718
442 831 506 896 918
619 839 818 892 auorsrnuu
841 834 1043 887 rmarrsuu
1066 832 1307 885 nuuunuuusn

291 1049 413 1095 anana
442 1025 529 1112 quod
550 1023 629 1110 ipse,
653 1021 752 1088 simul
775 1043 850 1086 cum
869 1018 1050 1116 Jiaurentio
1066 1019 1106 1082 de
1130 1015 1309 1098 Helbeche,
1332 1014 1490 1103 magistro
1502 1025 1547 1070 rs.
1556 1023 1642 1078 upuo.
1651 1026 1673 1068 ²·

274 1114 404 1207 iffi&
441 1128 585 1192 Roberto
608 1126 648 1191 de
672 1123 820 1203 Baldok’,
844 1127 879 1187 et
908 1121 1036 1208 Rogero
1059 1121 1100 1185 de
1123 1119 1294 1197 Stoketon,
1320 1139 1491 1185 coexecu-

275 1213 421 1316 idaim
440 1229 568 1295 toribus
589 1225 741 1314 praedicti
762 1224 913 1311 magistri
935 1222 1112 1308 Radulphi,
1128 1220 1320 1286 testamenti
1341 1219 1493 1306 praedioti

273 1313 336 1390 ‘¹³²³'
441 1329 591 1418 magistri
630 1327 797 1405 Willelmi,
832 1327 950 1391 reddat
987 1325 1018 1389 ei
1049 1345 1128 1389 xxx.
1140 1321 1177 1389 a.
1211 1323 1268 1408 xij.
1281 1345 1314 1400 a,
1346 1343 1428 1407 quos
1461 1321 1492 1385 ei

441 1433 564 1517 injuste
586 1430 723 1507 detinet,
746 1432 786 1494 ut
809 1427 909 1507 dicit;
932 1431 966 1491 et
980 1425 1068 1490 unde
1083 1426 1262 1490 vicecomes
1276 1429 1390 1490 noster
1404 1425 1493 1509 Lyn-

441 1532 614 1600 oolniensis
644 1530 817 1596 mandavit
847 1527 1042 1614 justiciariis
1064 1527 1194 1604 nostris,
1217 1527 1306 1612 apud
1328 1526 1493 1591 Westmo-

441 1635 631 1710 nasterium,
654 1653 675 1696 a
698 1632 752 1696 die
776 1630 890 1696 Sancti
922 1629 1060 1694 Martini
1076 1630 1112 1693 in
1134 1651 1189 1694 xv.
1206 1628 1282 1706 dies,
1299 1629 1387 1714 quod
1409 1648 1493 1713 prae-

442 1736 551 1802 diotus
581 1734 739 1820 magister
772 1731 968 1818 Radulphus
999 1731 1133 1796 clericus
1156 1733 1215 1808 est,
1238 1734 1273 1794 et
1302 1729 1493 1794 nonhabet

441 1839 561 1904 laicum
583 1835 717 1901 feodum
747 1835 783 1898 in
816 1834 940 1899 balliva
962 1854 1029 1910 sua,
1053 1833 1111 1898 ubi
1142 1838 1252 1919 potest
1284 1832 1492 1896 summoneri.

442 1941 488 2005 Et
501 1937 652 2003 habeatis
665 1935 714 2000 ibi
729 1935 791 2004 hoc
812 1936 921 2001 breve.
969 1935 1074 2015 Teste,
1091 1933 1140 1999 W.
1158 1933 1199 1998 de
1216 1931 1388 2012 Bereford’,
1403 1933 1494 2018 apud

441 2036 780 2116 westmonasterium,
796 2037 870 2122 xijo.
886 2037 940 2102 die
963 2035 1144 2116 Februarii,
1168 2057 1255 2102 anno
1277 2035 1371 2123 regni
1386 2034 1491 2100 nostri

441 2147 543 2210 sexto.

687 2289 973 2378 sequestravimus
996 2290 1083 2357 bona
1105 2289 1322 2358 ecclesiastiea
1343 2289 1493 2378 praedicti

642 2392 820 2481 Radulphi‚
859 2392 1071 2480 injungentes
1103 2393 1218 2472 eidem,
1251 2393 1338 2477 quod
1372 2391 1417 2457 sit
1449 2391 1494 2456 ad

444 2495 532 2560 diem
555 2493 591 2559 in
613 2494 707 2560 brevi
730 2497 931 2562 contentum.

301 2375 315 2406 e
383 2325 398 2426 f)
442 2361 590 2412 Rctumnm.

309 2720 353 2764 0·
394 2733 406 2764 .
443 2708 525 2757 Breve
537 2703 632 2783 oomni
643 2704 710 2782 regis
787 2694 979 2773 Edwardus,
1013 2695 1086 2774 Dei,
1116 2700 1185 2775 etc,
1220 2696 1401 2764 venerabili
1432 2704 1494 2764 etc.

277 2824 290 2842 u
313 2784 350 2882 ,ai
360 2872 366 2890 ‚
443 2771 710 2890 ffiffliffiefiiiii
743 2796 942 2862 Mandamus
968 2797 1073 2879 vobis,
1101 2799 1189 2884 quod
1223 2801 1335 2866 venire
1366 2801 1495 2868 faciatis

274 2934 329 2965 man
347 2872 357 2932 .'
371 2883 514 2956 ⁰⁰m'10w0.
743 2920 852 2964 coram
866 2898 973 2976 nobis,
996 2921 1017 2963 a
1040 2900 1094 2966 die
1118 2900 1251 2967 Paschae
1275 2902 1313 2966 in
1334 2923 1388 2969 xv.
1414 2903 1494 2986 diae,

292 2983 305 3014 ⁰
324 2984 376 3066 ovi
443 3004 632 3089 ubieunque
654 3006 734 3068 tunc
757 3000 915 3065 fuerimus
938 3001 975 3064 in
995 3001 1125 3089 Anglia,
1148 3004 1336 3070 Johannem
1359 3006 1400 3071 de
1422 3007 1496 3073 Pol-

273 3082 371 3192 {u'iib
443 3107 534 3183 lewe,
559 3104 711 3170 clericum
733 3107 890 3180 vestrum,
913 3102 1145 3170 beneficiatum
1166 3107 1202 3170 in
1223 3106 1355 3175 dioecesi
1377 3115 1496 3187 vestra,

328 3221 391 3267 ιιιῃ.η
443 3210 486 3274 ad
509 3205 772 3293 respondendum
787 3203 884 3269 nobis
900 3204 940 3269 de
963 3201 1092 3290 placito,
1108 3229 1218 3294 quare,
1241 3232 1315 3276 cum
1338 3211 1496 3276 dilectum

444 3312 597 3378 clericum
618 3313 777 3388 nostrum
793 3306 996 3372 Willelmum
1020 3309 1060 3374 de
1083 3311 1307 3398 Ayremynne,
1331 3315 1374 3380 ad
1396 3315 1495 3382 eecle-

442 3415 525 3481 siam
548 3414 589 3478 de
609 3409 818 3477 Whiteburn’
840 3409 938 3495 pleno
960 3414 1266 3496 praesentaverimus
1284 3416 1359 3500 jure
1375 3423 1496 3496 nostro,

443 3517 532 3582 idem
547 3515 570 3580 J
573 3513 717 3579 ohannes
732 3510 980 3598 provocationes
996 3511 1033 3576 in
1049 3513 1162 3578 eodem
1177 3518 1310 3603 negotio
1335 3519 1497 3584 malitiose

444 3619 532 3696 fecit,
552 3616 589 3680 in
602 3614 708 3680 nostri
722 3617 958 3699 contemptum,
975 3619 1009 3678 et
1023 3616 1280 3682 retardationem
1296 3621 1498 3686 executionis

444 3716 709 3804 praesentationis
724 3718 846 3780 nostrae
862 3715 1035 3801 praediotae,
1052 3721 1086 3781 et
1109 3723 1223 3786 contra
1244 3720 1498 3806 prohibitionem

444 3824 601 3896 nostram,
615 3823 655 3883 ut
671 3815 798 3881 dicitur.
837 3817 883 3880 Et
897 3817 985 3881 unde
997 3817 1176 3885 vicecomes
1190 3827 1301 3886 noster
1316 3823 1499 3888 Nerthum-

445 3923 526 3988 brire
548 3919 644 3986 nobis
674 3918 911 3999 retomavit,a
945 3918 998 3983 die
1029 3920 1143 3986 Sancti
1177 3923 1347 3991 Michaelis
1376 3926 1412 3990 in
1442 3951 1499 3994 xv.

447 4025 526 4102 dies,
548 4021 636 4109 quod
665 4019 842 4108 praediotus
864 4020 1043 4100 Johannes,
1065 4023 1200 4090 clericus
1222 4031 1340 4106 vester,
1363 4033 1415 4094 est
1446 4028 1501 4094 be-

448 4125 629 4203 nefieiatus,
643 4128 683 4189 ut
698 4123 830 4202 dicitur,
846 4127 881 4188 et
895 4144 963 4188 non
978 4123 1081 4190 habet
1095 4125 1215 4192 laicum
1230 4130 1364 4195 feodum
1379 4131 1415 4195 in
1430 4131 1500 4196 bat-

447 4228 519 4293 liva
540 4248 607 4305 sua,
631 4247 688 4313 per
714 4226 803 4312 quod
833 4230 943 4311 potest
973 4226 1156 4293 attachiari.
1213 4229 1258 4295 Et
1281 4231 1430 4298 habeatis
1452 4233 1500 4297 ibi

448 4321 511 4398 hoc
531 4329 642 4396 breve.
689 4329 793 4408 Teste,
818 4327 857 4394 R.
879 4329 909 4394 le
931 4329 1143 4410 Brabanzon’,
1166 4334 1255 4419 apud
1277 4333 1500 4402 Westmonas-

449 4432 579 4515 terium,
603 4428 687 4516 xiij0.
713 4431 766 4495 die
788 4429 968 4510 Februarii,
991 4453 1077 4497 anno
1099 4436 1193 4521 regni
1214 4437 1320 4526 nostri
1343 4442 1444 4504 sexte.

282 4602 404 4648 mama
696 4593 719 4657 J
721 4592 865 4657 ohannes
880 4593 921 4657 de
936 4593 1080 4661 Pollovve
1095 4618 1161 4661 non
1177 4603 1227 4663 est
1242 4599 1378 4667 clericus
1392 4609 1504 4669 noster

282 4653 389 4698 aaaron·
451 4659 600 4712 Returnum.
782 4693 789 4708 ·
892 4693 899 4708 ·
974 4695 980 4708 ·

282 4704 350 4758 anina
358 4703 418 4752 aar.
652 4691 867 4758 benefie1atus
889 4715 925 4757 1n
948 4694 1082 4762 dioecesi
1104 4703 1226 4768 nostra.
