3564 5744
416 736 502 811 1078
592 753 793 804 nemereus
816 749 1020 802 emersos
1042 751 1285 802 eorrumpere.

262 953 386 1004 neum.
412 939 480 1008 riee
501 939 543 1006 de
558 937 746 1006 Guldeferd’
769 940 804 1004 et
826 935 922 1004 sociis
943 935 1011 1002 suis
1028 933 1223 1022 justiciariis
1237 935 1344 1024 ipsius
1358 937 1463 1024 petris
1474 953 1644 1011 surm

413 1042 526 1121 nostri,
541 1040 578 1106 in
592 1040 744 1108 libertate
765 1037 933 1126 predicte,
946 1037 1027 1104 dum
1047 1038 1085 1102 in
1107 1059 1209 1104 menu
1224 1037 1315 1126 [sue]
1339 1038 1462 1120 extitit,

414 1165 472 1230 per
508 1141 693 1229 captionem
725 1139 926 1228 predictam,
957 1138 1071 1205 venire
1103 1139 1242 1217 fecisset,
1274 1140 1319 1208 ed
1350 1144 1463 1206 netem

413 1244 506 1310 illem
527 1243 783 1332 ingreseendem,
806 1247 841 1308 et
856 1238 1024 1328 justitium
1044 1239 1408 1324 denunciandum
1430 1246 1465 1308 et

415 1367 484 1429 nee,
506 1367 567 1433 pre
589 1367 628 1412 ee
650 1343 738 1431 qued
761 1343 869 1410 dictus
901 1347 997 1430 peter
1026 1347 1146 1422 nester,
1168 1343 1332 1430 pendente
1354 1364 1463 1410 eorem

415 1447 530 1514 eedem
563 1445 710 1513 Henriee
731 1449 767 1512 et
788 1444 883 1512 sociis
915 1445 984 1510 suis
1005 1445 1138 1533 negotio
1160 1449 1350 1524 memorate,
1372 1445 1463 1522 obiit,

415 1552 451 1613 et
471 1548 509 1613 in
522 1547 708 1615 redditione
729 1546 895 1613 libertatis
909 1545 1086 1633 praedietae,
1100 1567 1210 1633 quem,
1226 1550 1302 1633 pest
1323 1550 1463 1612 mertem

414 1649 517 1736 ipsius
539 1650 644 1738 petris
666 1650 781 1730 nestri,
797 1647 938 1736 praefete
952 1649 1297 1736 praedecesserivestre
1314 1649 1463 1726 fecimus,

415 1751 457 1818 de
478 1752 588 1841 gretie
608 1756 721 1819 nostre
742 1751 884 1838 speciali,
907 1751 1126 1837 cognitionem
1149 1751 1273 1839 negotii
1303 1750 1463 1838 predicti,

414 1873 483 1920 une
503 1875 579 1920 eum
602 1853 789 1940 cognitione
811 1852 1019 1939 quorundam
1040 1851 1179 1918 eliorum
1201 1852 1407 1940 placitorum,
1427 1852 1464 1916 in

413 1953 519 2022 literis
553 1955 594 2022 de
626 1955 811 2022 redditione
840 1953 900 2019 ille
933 1959 1170 2034 contentorum,
1192 1954 1289 2020 nobis
1319 1973 1465 2020 reservo·

413 2057 531 2137 vimus,
554 2061 664 2125 tetum
694 2057 864 2145 negotium
895 2055 980 2122 illud
1013 2077 1122 2123 cerem
1154 2056 1251 2140 nobis
1272 2077 1331 2144 per
1363 2056 1463 2122 breve

413 2163 571 2243 nostrum,
587 2161 631 2225 ed
652 2163 773 2246 mem
795 2157 877 2225 dieti
898 2155 1075 2245 Redulphi,
1089 2157 1203 2224 venire
1217 2158 1398 2237 fecerimus,
1420 2162 1463 2234 et,

411 2262 544 2350 negotio
565 2261 622 2327 ille
644 2260 907 2338 indeterminate,
929 2265 1000 2326 tum
1021 2261 1191 2328 reoordum
1213 2264 1248 2326 et
1276 2279 1462 2348 processum

412 2361 499 2445 inde,
521 2385 596 2450 qum
618 2383 727 2428 cerem
749 2361 1038 2440 nobis-venerunt,
1061 2383 1160 2448 quem
1183 2382 1223 2428 ee
1255 2382 1331 2448 quae
1353 2381 1461 2428 eorum

410 2463 506 2530 nobis
528 2485 627 2551 super
648 2463 711 2531 hoc
738 2463 826 2528 inter
848 2467 957 2550 portes
987 2463 1161 2550 praedictue
1182 2461 1299 2529 habite
1326 2461 1462 2528 fluerunt

409 2566 453 2632 ud
478 2565 739 2652 procurationem
761 2562 893 2650 prsefeti
916 2562 1094 2650 Redulphi,
1117 2564 1205 2631 dicte
1234 2561 1461 2652 predecessori

409 2671 520 2732 vestre
535 2666 727 2744 miserimus,
742 2665 786 2730 od
800 2664 988 2732 faciendum
1006 2663 1175 2750 justitiam
1189 2665 1287 2732 dietis
1308 2665 1459 2753 portibus

407 2766 497 2834 infre
526 2768 713 2835 libertatem
743 2787 836 2833 suem
866 2767 1080 2854 predictum
1102 2768 1152 2833 ite
1187 2767 1282 2856 quod,
1321 2788 1381 2854 pre
1403 2767 1459 2832 de-

407 2867 496 2934 fectu
514 2869 665 2953 justitiae,
688 2871 799 2955 portes
820 2867 908 2955 ipses
930 2867 974 2934 ed
1003 2889 1063 2936 nes
1085 2889 1251 2936 recurrere
1271 2869 1460 2936 nullatenus

407 2973 578 3056 oporteret.
623 2968 673 3036 Ae
704 2990 765 3036 nos
797 2989 910 3057 nuper,
934 2991 976 3036 ex
1012 2970 1107 3058 gravi
1144 2970 1276 3058 querele
1310 2971 1459 3059 proedieti

407 3070 559 3154 odfridi,
581 3091 640 3158 per
661 3069 856 3158 petitionem
887 3091 989 3151 suem,
1011 3093 1119 3138 cerem
1141 3073 1236 3140 nobis
1259 3078 1294 3140 et
1322 3073 1460 3142 concilio

405 3177 517 3240 nostre
548 3171 740 3252 exhibitum,
763 3173 968 3262 occipientes,
993 3174 1081 3261 qued
1111 3179 1180 3240 tem
1210 3175 1248 3240 in
1269 3176 1403 3243 recordo
1424 3181 1460 3241 et

404 3295 555 3361 processu
570 3275 605 3341 in
621 3275 713 3342 curio
726 3275 886 3363 predicte
900 3275 1143 3362 praedeeesseris
1158 3277 1260 3343 vestri
1275 3277 1352 3343 inde
1364 3277 1459 3342 hobi·

404 3377 458 3458 tis,
481 3399 581 3464 quem
603 3376 640 3443 in
659 3377 722 3444 hee
743 3377 833 3465 qued
855 3377 969 3446 eedem
982 3378 1152 3444 reoordum
1175 3384 1210 3445 et
1230 3399 1400 3466 processus
1421 3380 1458 3444 in

404 3479 495 3544 eurio
516 3483 637 3560 nestro,
652 3499 762 3548 cerem
785 3479 879 3546 nobis
901 3479 947 3546 sio
969 3479 1234 3563 indeterminate,
1249 3502 1270 3548 e
1284 3481 1376 3548 curio
1388 3481 1457 3560 ille,

403 3601 478 3666 quee
493 3585 544 3647 est
565 3601 718 3668 supreme
731 3581 822 3650 curie
843 3585 965 3666 nestro,
980 3603 1085 3670 usque
1100 3583 1144 3650 ed
1164 3583 1360 3671 predictum
1373 3605 1458 3671 prae·

402 3682 600 3749 decessorem
615 3686 773 3764 vestrum,
788 3682 825 3748 in
842 3683 932 3750 curie
953 3705 1020 3766 sue,
1035 3706 1110 3772 quoe
1132 3685 1269 3752 inferior
1283 3689 1342 3770 eet,
1358 3686 1458 3752 misse

401 3783 545 3866 fuerunt,
576 3789 691 3852 centro
726 3785 832 3872 legem
864 3789 903 3852 et
927 3788 1196 3854 consuetudinem
1229 3789 1322 3876 regni
1352 3787 1457 3854 nestri

400 3885 558 3954 hactenus
572 3887 722 3966 usitatos,
738 3907 861 3953 errores
876 3886 999 3953 diversi
1020 3889 1280 3972 intervenerunt,
1295 3910 1355 3976 per
1368 3889 1457 3977 qued

399 3985 488 4054 idem
515 3987 681 4056 Goifridus
715 3987 841 4076 [nobis]
876 3989 1084 4078 supplicavit,
1107 3997 1156 4072 ut,
1178 3997 1247 4058 um
1270 4011 1329 4079 pre
1360 3991 1456 4058 nobis

400 4109 499 4175 quem
522 4110 581 4177 pre
615 4091 729 4178 seipse,
752 4090 933 4157 remedium
962 4113 1060 4180 super
1088 4093 1151 4160 hee
1172 4093 1245 4160 fleri
1265 4094 1455 4170 faceremus,

399 4196 434 4256 et
466 4191 624 4278 eosqui,
647 4193 775 4258 notione
798 4193 937 4259 dominii
969 4195 1075 4261 nestri
1108 4195 1292 4284 superioris,
1315 4191 1454 4283 singulis

252 4294 265 4318 ⁰
397 4293 438 4359 de
461 4315 562 4382 regne
583 4299 696 4361 nostre
718 4317 831 4362 sumus
853 4297 890 4362 in
904 4295 1107 4366 exhibitione
1124 4299 1266 4386 justitiae
1280 4298 1454 4374 debitores,

396 4394 544 4462 volentes
578 4396 666 4483 qued
694 4396 824 4483 justum
857 4397 943 4464 feret
975 4398 1047 4465 fieri
1081 4401 1119 4466 in
1149 4399 1335 4488 preemissie,
1357 4400 1454 4467 vebis

395 4495 476 4562 oties
498 4497 771 4579 mandaverimus,
793 4501 882 4586 quod
904 4502 1073 4568 reoordum
1095 4506 1130 4570 et
1143 4525 1328 4590 processum
1349 4504 1454 4568 tetius

275 4607 278 4614 “
393 4597 519 4685 negotii
541 4599 730 4688 supradicti,
746 4607 816 4670 tem
839 4621 878 4670 ee
892 4623 968 4691 quae
989 4605 1079 4678 dicte
1093 4605 1321 4696 predecessori
1342 4608 1454 4674 vestm
