3538 5712
403 789 490 864 1172
580 805 780 856 srsrsrnmr
804 803 1007 857 rummuou
1029 807 1275 857 nuumurssr.

252 1007 373 1088 maort
402 993 567 1060 Johannis
590 993 630 1059 de
654 993 854 1074 Blakewell',
877 1013 982 1080 nuper
1003 993 1162 1074 defuncti,
1186 1014 1260 1080 quae
1282 991 1371 1057 idem
1393 991 1452 1056 Jo-
1468 999 1630 1052 Ankrin-

235 1068 391 1180 didi'v'b‘iius
402 1097 528 1162 hannes
542 1098 584 1162 de
598 1097 693 1162 nobis
708 1096 819 1162 tenuit
832 1095 870 1160 in
884 1097 999 1182 capite,
1011 1096 1090 1161 dum
1105 1096 1202 1173 vixit,
1217 1099 1252 1160 et
1266 1091 1371 1180 [quae]
1383 1093 1455 1178 jam

235 1169 366 1214 ‘mm'
404 1198 447 1264 ad
471 1220 606 1266 manum
628 1202 774 1265 nostram
801 1197 1014 1275 devenerunt,
1036 1197 1165 1263 ratione
1187 1196 1323 1262 minoris
1345 1195 1457 1261 aetatis

404 1301 571 1389 Radulphi
593 1301 654 1366 filii
677 1304 713 1366 et
733 1300 873 1366 haeredis
895 1299 1040 1384 ejusdem
1061 1298 1243 1372 Johannis;
1266 1296 1457 1364 habendum

403 1408 438 1469 et
467 1402 647 1469 tenendum
682 1401 840 1489 proedicto
874 1401 1009 1466 Thomae
1041 1404 1077 1466 et
1105 1399 1282 1486 assignatis
1308 1401 1385 1476 suis,
1412 1398 1452 1463 de

402 1503 497 1570 nobis
520 1510 555 1569 et
579 1503 819 1570 successoribus
841 1503 973 1580 nostris,
995 1523 1101 1588 usque
1123 1503 1167 1566 ad
1189 1505 1323 1567 [etatem
1345 1500 1455 1587 legiti-

402 1627 490 1672 mam
511 1606 616 1692 ipsius
630 1605 808 1691 Radulphi,
823 1604 885 1668 filii
900 1611 936 1670 et
950 1604 1090 1671 haeredis
1104 1603 1254 1690 praedicti
1270 1603 1293 1668 J
1294 1603 1432 1670 ohannis
1447 1627 1456 1682 ;

402 1707 570 1774 reddendo
607 1712 643 1773 et
673 1705 822 1774 faciendo
853 1707 948 1772 nobis
985 1712 1020 1772 et
1057 1705 1295 1772 successoribus
1332 1705 1454 1772 nostris

402 1810 539 1876 servitia
568 1808 610 1874 de
632 1808 729 1876 dictis
759 1809 856 1874 terris
886 1814 922 1872 ct
951 1808 1149 1873 tenementis
1181 1807 1295 1874 debita
1323 1812 1358 1872 ct
1379 1829 1454 1872 con-

402 1917 505 1978 sueta
558 1910 777 1979 concedimus
808 1910 910 1976 etiam
940 1917 1121 1975 memorato
1154 1909 1287 1976 domino
1318 1909 1451 1974 Thomae

403 2014 615 2102 maritagium
637 2014 763 2078 Emmae
785 2012 826 2077 de
840 2011 1019 2090 Aldewod’,
1035 2011 1158 2077 relictae
1178 2010 1260 2076 dicti
1282 2009 1306 2076 J
1307 2010 1454 2088 ohannis,

402 2116 492 2202 quod
519 2117 626 2203 ipsam
659 2114 816 2180 maritare
838 2114 951 2200 possit,
974 2113 1032 2178 ubi
1054 2113 1199 2179 voluerit
1221 2110 1317 2198 (dum
1339 2117 1451 2177 tamen

402 2237 470 2282 non
493 2214 737 2304 disparagetur)
768 2215 822 2280 vel
851 2213 893 2280 de
915 2213 1090 2301 maritagio
1113 2215 1216 2300 ipsius
1238 2215 1344 2281 facere
1366 2214 1454 2300 quod

402 2319 644 2385 rationabiliter
677 2317 799 2384 viderit
829 2321 864 2382 et
894 2317 996 2382 fuerit
1029 2315 1224 2382 faciendum.
1286 2316 1328 2380 In
1360 2315 1453 2400 cujus

401 2421 450 2484 rei
486 2420 724 2497 testimonium,
766 2423 961 2506 praesentes.
980 2418 1094 2483 literas
1140 2417 1278 2504 praefato
1321 2418 1453 2483 domino

403 2513 537 2588 Tbomae
552 2522 633 2600 fieri,
653 2526 688 2587 et
709 2525 821 2608 nostro
841 2519 948 2606 sigillo
970 2519 1107 2585 fecimus
1129 2519 1332 2585 communiri.
1378 2519 1453 2585 Hiis

401 2625 553 2702 testibus,
575 2623 719 2689 dominis
741 2621 882 2688 Ricardo
906 2621 948 2685 de
973 2621 1114 2700 Neville,
1130 2621 1168 2688 R.
1192 2622 1234 2687 de
1258 2621 1397 2699 Hilton',
1414 2621 1452 2688 R.

402 2724 620 2806 Marmaduk',
644 2723 782 2789 stadiis.
838 2722 964 2788 Datum
986 2723 1074 2809 apud
1100 2723 1283 2806 Stoketon',
1306 2720 1376 2790 xx⁰.
1400 2724 1454 2787 die

404 2824 567 2906 Octobris,
589 2824 801 2912 pontificatus
825 2824 931 2889 nostri
953 2845 1040 2932 anno
1063 2825 1214 2895 secundo.

318 3053 332 3086 0
403 3045 587 3098 cmudomini
604 3047 651 3099 ro
739 3025 908 3106 Ricardus,
945 3027 1157 3114 permissione
1199 3027 1323 3108 divina,
1361 3027 1455 3092 Dun-

234 3103 297 3204 'f'o
314 3104 369 3188 11⁰0
401 3111 642 3165 mascalarum
693 3127 845 3194 elmsnsis
866 3129 1043 3214 episcopus,
1058 3129 1210 3195 omnibus
1230 3127 1354 3194 Christi
1376 3127 1455 3193 fide·

253 3204 302 3237 ¹⁸⁰*
402 3225 489 3290 libus
512 3225 555 3291 ad
577 3249 658 3312 quos
681 3250 825 3316 praesens
847 3230 1006 3316 scriptum
1036 3230 1231 3316 pervenerit,
1256 3229 1396 3296 salutem
1418 3231 1454 3293 in

402 3325 545 3394 Domino
561 3329 801 3416 sempiternam.
845 3331 880 3396 N
880 3331 1017 3397 overitis
1031 3353 1092 3398 nos
1106 3332 1241 3410 dedisse,
1251 3333 1454 3410 concessisse,

403 3431 438 3493 et
459 3427 521 3495 hac
543 3436 634 3495 carta
654 3437 769 3498 nostra
793 3432 1010 3511 confirmasse,
1032 3433 1152 3498 dilecto
1175 3437 1210 3498 et
1231 3432 1321 3499 fideli
1351 3433 1452 3499 militi

402 3535 525 3608 nostro,
555 3531 689 3599 domino
718 3534 866 3599 Johanni
895 3534 936 3600 de
966 3534 1089 3614 Insula,
1112 3536 1277 3621 quendam
1307 3535 1451 3622 placeam

403 3633 491 3698 vasti
528 3634 642 3712 nostri,
669 3634 823 3719 jacentis,
846 3657 961 3701 versus
998 3637 1168 3716 orientem,
1198 3639 1286 3704 inter
1318 3633 1465 3703 murum

402 3739 552 3800 nostrum
586 3734 680 3800 ballii
717 3737 949 3802 Dunelmensis
981 3744 1015 3803 et
1045 3759 1166 3825 aquam
1203 3740 1244 3805 de
1277 3739 1382 3818 Were,
1416 3741 1452 3805 in

403 3835 526 3902 boreali
559 3842 652 3924 porte
678 3837 843 3924 curtilagii
873 3838 956 3906 dicti
989 3840 1116 3906 domini
1145 3840 1316 3920 Jobnnnis,
1346 3843 1446 3908 conti·

403 3943 535 4004 nentem
567 3949 691 4026 septem
721 3940 898 4026 perticatas
932 3941 968 4006 in
997 3941 1213 4030 longitudine,
1244 3949 1278 4009 et
1307 3945 1451 4030 quinque

403 4039 579 4126 perticatas
609 4040 645 4104 in
674 4039 874 4122 latitudine;
903 4043 1092 4110 habendum
1123 4051 1156 4111 et
1185 4046 1366 4111 tenendum
1387 4047 1452 4112 sibi

404 4144 439 4206 et
467 4141 651 4208 haeredibus
682 4144 759 4225 suis,
789 4144 830 4208 de
860 4144 955 4210 nobis
986 4151 1022 4211 et
1053 4149 1288 4214 successoribus
1321 4149 1452 4225 nostris,

403 4243 561 4331 episcopis
599 4245 884 4326 Dunelmensibus,
921 4247 1031 4327 libere,
1070 4249 1190 4335 quiete,
1220 4249 1312 4330 bene,
1345 4257 1380 4318 et
1416 4251 1452 4314 iu

402 4366 491 4432 pace,
519 4345 563 4412 ad
593 4346 836 4432 includendum,
869 4353 905 4416 et
937 4351 980 4416 ad
1012 4352 1217 4418 commodum
1252 4375 1357 4432 suum,
1391 4375 1451 4441 pro

401 4448 574 4514 voluntate
596 4470 664 4527 sua,
687 4449 764 4516 inde
786 4451 971 4518 faciendum
993 4453 1029 4518 in
1045 4459 1242 4542 perpetuum
1254 4479 1263 4536 ;
1285 4455 1451 4521 reddendo

400 4545 478 4613 inde
493 4571 551 4636 per
566 4571 699 4628 annum,
714 4553 809 4618 nobis
829 4559 864 4619 et
878 4556 1113 4621 successoribus
1135 4558 1265 4635 nostris,
1279 4557 1451 4622 duodecim

401 4649 551 4717 denarios
581 4653 720 4738 argenti,
749 4654 793 4721 ad
815 4656 1011 4724 scaccarium
1041 4662 1191 4724 nostrum
1220 4658 1452 4737 Dunolmense,
