<?xml version="1.0" encoding="UTF-8"?>
<!DOCTYPE html PUBLIC "-//W3C//DTD XHTML 1.0 Transitional//EN"
    "http://www.w3.org/TR/xhtml1/DTD/xhtml1-transitional.dtd">
<html xmlns="http://www.w3.org/1999/xhtml" xml:lang="en" lang="en">
 <head>
  <title>
</title>
<meta http-equiv="Content-Type" content="text/html;charset=utf-8" />
  <meta name='ocr-system' content='tesseract 3.04.00' />
  <meta name='ocr-capabilities' content='ocr_page ocr_carea ocr_par ocr_line ocrx_word'/>
</head>
<body>
  <div class='ocr_page' id='page_1' title='image "./registrumpalati00kellgoog_0349.png"; bbox 0 0 3562 5714; ppageno 0'>
   <div class='ocr_carea' id='block_1_1' title="bbox 491 807 1356 874">
    <p class='ocr_par' dir='ltr' id='par_1_1' title="bbox 491 807 1356 874">
     <span class='ocr_line' id='line_1_1' title="bbox 491 807 1356 874; baseline -0.002 -2"><span class='ocrx_word' id='word_1_1' title='bbox 491 821 691 873; x_wconf 83' lang='lat' dir='ltr'>REGISTRUM</span> <span class='ocrx_word' id='word_1_2' title='bbox 713 819 916 872; x_wconf 72' lang='lat' dir='ltr'><strong>PALATINUM</strong></span> <span class='ocrx_word' id='word_1_3' title='bbox 939 820 1179 874; x_wconf 69' lang='lat' dir='ltr'><strong>nuunttfflrsn.</strong></span> <span class='ocrx_word' id='word_1_4' title='bbox 1293 807 1356 870; x_wconf 84' lang='grc'><strong>965</strong></span> 
     </span>
    </p>
   </div>
   <div class='ocr_carea' id='block_1_2' title="bbox 137 1009 1512 4771">
    <p class='ocr_par' dir='ltr' id='par_1_2' title="bbox 137 1009 1512 1384">
     <span class='ocr_line' id='line_1_2' title="bbox 137 1009 1512 1098; baseline -0.004 -18"><span class='ocrx_word' id='word_1_5' title='bbox 137 1025 296 1080; x_wconf 67' lang='lat' dir='ltr'><strong>mrim.</strong></span> <span class='ocrx_word' id='word_1_6' title='bbox 354 1011 406 1078; x_wconf 92' lang='lat' dir='ltr'><strong>De</strong></span> <span class='ocrx_word' id='word_1_7' title='bbox 427 1031 566 1098; x_wconf 88' lang='lat' dir='ltr'><strong>persona</strong></span> <span class='ocrx_word' id='word_1_8' title='bbox 587 1012 728 1080; x_wconf 71' lang='lat' dir='ltr'><strong>ecclesia</strong></span> <span class='ocrx_word' id='word_1_9' title='bbox 751 1012 792 1077; x_wconf 91' lang='grc'><strong>(16</strong></span> <span class='ocrx_word' id='word_1_10' title='bbox 814 1009 1038 1097; x_wconf 83' lang='lat' dir='ltr'><strong>Whyteberire</strong></span> <span class='ocrx_word' id='word_1_11' title='bbox 1068 1009 1188 1095; x_wconf 80' lang='lat' dir='ltr'><strong>xxxiij.</strong></span> <span class='ocrx_word' id='word_1_12' title='bbox 1202 1032 1224 1077; x_wconf 90' lang='lat' dir='ltr'><strong>s.</strong></span> <span class='ocrx_word' id='word_1_13' title='bbox 1249 1010 1309 1096; x_wconf 88' lang='lat' dir='ltr'><strong>iiij.</strong></span> <span class='ocrx_word' id='word_1_14' title='bbox 1326 1009 1357 1078; x_wconf 84' lang='lat' dir='ltr'><strong>d.</strong></span> <span class='ocrx_word' id='word_1_15' title='bbox 1392 1022 1446 1066; x_wconf 71' lang='grc'><strong>11).</strong></span> <span class='ocrx_word' id='word_1_16' title='bbox 1455 1025 1512 1068; x_wconf 72' lang='lat'><strong>1³1⁸-</strong></span> 
     </span>
     <span class='ocr_line' id='line_1_3' title="bbox 355 1111 1356 1201; baseline -0.002 -22"><span class='ocrx_word' id='word_1_17' title='bbox 355 1114 405 1179; x_wconf 91' lang='lat' dir='ltr'><strong>De</strong></span> <span class='ocrx_word' id='word_1_18' title='bbox 429 1136 568 1201; x_wconf 87' lang='lat' dir='ltr'><strong>persona</strong></span> <span class='ocrx_word' id='word_1_19' title='bbox 591 1114 735 1182; x_wconf 86' lang='lat' dir='ltr'><strong>ecclesiae</strong></span> <span class='ocrx_word' id='word_1_20' title='bbox 757 1113 797 1178; x_wconf 89' lang='lat' dir='ltr'><strong>de</strong></span> <span class='ocrx_word' id='word_1_21' title='bbox 821 1111 1004 1199; x_wconf 86' lang='lat' dir='ltr'><strong>Seggefeld&#39;</strong></span> <span class='ocrx_word' id='word_1_22' title='bbox 1068 1150 1081 1161; x_wconf 92' lang='lat'><em>-</em></span> <span class='ocrx_word' id='word_1_23' title='bbox 1216 1153 1230 1164; x_wconf 95' lang='lat'><em>-</em></span> <span class='ocrx_word' id='word_1_24' title='bbox 1275 1112 1318 1178; x_wconf 82' lang='lat' dir='ltr'><strong>xi.</strong></span> <span class='ocrx_word' id='word_1_25' title='bbox 1334 1135 1356 1178; x_wconf 89' lang='lat' dir='ltr'><strong>s.</strong></span> 
     </span>
     <span class='ocr_line' id='line_1_4' title="bbox 355 1213 1358 1302; baseline -0.001 -22"><span class='ocrx_word' id='word_1_26' title='bbox 355 1215 407 1281; x_wconf 92' lang='lat' dir='ltr'><strong>De</strong></span> <span class='ocrx_word' id='word_1_27' title='bbox 445 1216 595 1302; x_wconf 78' lang='lat' dir='ltr'>portione</span> <span class='ocrx_word' id='word_1_28' title='bbox 632 1238 706 1302; x_wconf 88' lang='lat' dir='ltr'><strong>quse</strong></span> <span class='ocrx_word' id='word_1_29' title='bbox 743 1214 809 1280; x_wconf 88' lang='lat' dir='ltr'><strong>fuit</strong></span> <span class='ocrx_word' id='word_1_30' title='bbox 840 1213 998 1280; x_wconf 87' lang='lat' dir='ltr'><strong>Willelmi</strong></span> <span class='ocrx_word' id='word_1_31' title='bbox 1036 1215 1078 1279; x_wconf 89' lang='lat' dir='ltr'><strong>de</strong></span> <span class='ocrx_word' id='word_1_32' title='bbox 1100 1214 1289 1300; x_wconf 87' lang='lat' dir='ltr'><strong>Brompton&#39;</strong></span> <span class='ocrx_word' id='word_1_33' title='bbox 1322 1216 1358 1279; x_wconf 89' lang='lat' dir='ltr'><strong>in</strong></span> 
     </span>
     <span class='ocr_line' id='line_1_5' title="bbox 416 1317 1350 1384; baseline -0.002 -2"><span class='ocrx_word' id='word_1_34' title='bbox 416 1317 551 1384; x_wconf 89' lang='lat' dir='ltr'><strong>ecclesia</strong></span> <span class='ocrx_word' id='word_1_35' title='bbox 573 1318 676 1383; x_wconf 83' lang='lat' dir='ltr'><strong>Cestr&#39;</strong></span> <span class='ocrx_word' id='word_1_36' title='bbox 769 1351 784 1364; x_wconf 94' lang='lat'>-</span> <span class='ocrx_word' id='word_1_37' title='bbox 919 1352 933 1364; x_wconf 94' lang='lat'><em>-</em></span> <span class='ocrx_word' id='word_1_38' title='bbox 1199 1353 1212 1366; x_wconf 94' lang='lat'><em>·</em></span> <span class='ocrx_word' id='word_1_39' title='bbox 1264 1339 1312 1380; x_wconf 81' lang='lat' dir='ltr'><strong>xx</strong></span> <span class='ocrx_word' id='word_1_40' title='bbox 1326 1338 1350 1380; x_wconf 85' lang='grc'><strong>6.</strong></span> 
     </span>
    </p>

    <p class='ocr_par' dir='ltr' id='par_1_3' title="bbox 359 1417 760 1499">
     <span class='ocr_line' id='line_1_6' title="bbox 359 1417 760 1499; baseline -0.005 -15"><span class='ocrx_word' id='word_1_41' title='bbox 359 1417 448 1499; x_wconf 80' lang='lat' dir='ltr'><strong>Quos</strong></span> <span class='ocrx_word' id='word_1_42' title='bbox 471 1420 565 1486; x_wconf 90' lang='lat' dir='ltr'><strong>vobis</strong></span> <span class='ocrx_word' id='word_1_43' title='bbox 587 1419 760 1484; x_wconf 77' lang='lat' dir='ltr'><strong>mittimus.</strong></span> 
     </span>
    </p>

    <p class='ocr_par' dir='ltr' id='par_1_4' title="bbox 309 1519 1356 1709">
     <span class='ocr_line' id='line_1_7' title="bbox 356 1519 1356 1607; baseline 0.002 -23"><span class='ocrx_word' id='word_1_44' title='bbox 356 1521 401 1586; x_wconf 90' lang='lat' dir='ltr'><strong>Et</strong></span> <span class='ocrx_word' id='word_1_45' title='bbox 422 1521 700 1606; x_wconf 76' lang='lat' dir='ltr'><strong>sequestravimus</strong></span> <span class='ocrx_word' id='word_1_46' title='bbox 723 1521 765 1586; x_wconf 92' lang='grc'><strong>(16</strong></span> <span class='ocrx_word' id='word_1_47' title='bbox 787 1520 933 1606; x_wconf 89' lang='lat' dir='ltr'><strong>personis</strong></span> <span class='ocrx_word' id='word_1_48' title='bbox 955 1519 1182 1607; x_wconf 76' lang='lat' dir='ltr'><strong>infrascriptis,</strong></span> <span class='ocrx_word' id='word_1_49' title='bbox 1198 1541 1266 1585; x_wconf 85' lang='grc'><strong>666</strong></span> <span class='ocrx_word' id='word_1_50' title='bbox 1281 1543 1356 1588; x_wconf 91' lang='lat' dir='ltr'><strong>cum</strong></span> 
     </span>
     <span class='ocr_line' id='line_1_8' title="bbox 309 1622 794 1709; baseline -0.002 -21"><span class='ocrx_word' id='word_1_51' title='bbox 309 1623 403 1688; x_wconf 89' lang='lat' dir='ltr'><strong>bonis</strong></span> <span class='ocrx_word' id='word_1_52' title='bbox 425 1623 517 1708; x_wconf 88' lang='lat' dir='ltr'><strong>prius</strong></span> <span class='ocrx_word' id='word_1_53' title='bbox 540 1622 794 1709; x_wconf 85' lang='lat' dir='ltr'><strong>sequestratis—</strong></span> 
     </span>
    </p>

    <p class='ocr_par' dir='ltr' id='par_1_5' title="bbox 353 1723 1358 1811">
     <span class='ocr_line' id='line_1_9' title="bbox 353 1723 1358 1811; baseline 0 -21"><span class='ocrx_word' id='word_1_54' title='bbox 353 1725 403 1790; x_wconf 90' lang='lat' dir='ltr'><strong>De</strong></span> <span class='ocrx_word' id='word_1_55' title='bbox 425 1725 520 1790; x_wconf 90' lang='lat' dir='ltr'><strong>bonis</strong></span> <span class='ocrx_word' id='word_1_56' title='bbox 551 1746 699 1810; x_wconf 86' lang='lat' dir='ltr'><strong>personae</strong></span> <span class='ocrx_word' id='word_1_57' title='bbox 722 1723 865 1790; x_wconf 82' lang='lat' dir='ltr'><strong>ecclesiae</strong></span> <span class='ocrx_word' id='word_1_58' title='bbox 898 1724 938 1790; x_wconf 92' lang='lat' dir='ltr'><strong>de</strong></span> <span class='ocrx_word' id='word_1_59' title='bbox 968 1725 1202 1811; x_wconf 86' lang='lat' dir='ltr'><strong>Whyteberne,</strong></span> <span class='ocrx_word' id='word_1_60' title='bbox 1225 1726 1268 1791; x_wconf 86' lang='lat' dir='ltr'><strong>ad</strong></span> <span class='ocrx_word' id='word_1_61' title='bbox 1300 1747 1358 1790; x_wconf 86' lang='lat' dir='ltr'><strong>va·</strong></span> 
     </span>
    </p>

    <p class='ocr_par' dir='ltr' id='par_1_6' title="bbox 397 1825 1356 1895">
     <span class='ocr_line' id='line_1_10' title="bbox 397 1825 1356 1895; baseline 0.004 -5"><span class='ocrx_word' id='word_1_62' title='bbox 397 1825 534 1892; x_wconf 92' lang='lat' dir='ltr'><strong>lentiam</strong></span> <span class='ocrx_word' id='word_1_63' title='bbox 703 1862 717 1876; x_wconf 93' lang='lat'><strong>·</strong></span> <span class='ocrx_word' id='word_1_64' title='bbox 850 1861 866 1876; x_wconf 93' lang='lat'><strong>·</strong></span> <span class='ocrx_word' id='word_1_65' title='bbox 999 1865 1014 1877; x_wconf 93' lang='lat'>-</span> <span class='ocrx_word' id='word_1_66' title='bbox 1148 1866 1161 1879; x_wconf 92' lang='lat'>·</span> <span class='ocrx_word' id='word_1_67' title='bbox 1206 1850 1236 1892; x_wconf 91' lang='lat' dir='ltr'><strong>v.</strong></span> <span class='ocrx_word' id='word_1_68' title='bbox 1255 1849 1356 1895; x_wconf 77' lang='lat' dir='ltr'><strong>more.</strong></span> 
     </span>
    </p>

    <p class='ocr_par' dir='ltr' id='par_1_7' title="bbox 354 1927 1356 2015">
     <span class='ocr_line' id='line_1_11' title="bbox 354 1927 1356 2015; baseline 0.004 -23"><span class='ocrx_word' id='word_1_69' title='bbox 354 1928 403 1993; x_wconf 92' lang='lat' dir='ltr'><strong>De</strong></span> <span class='ocrx_word' id='word_1_70' title='bbox 426 1928 522 1994; x_wconf 88' lang='lat' dir='ltr'><strong>bouis</strong></span> <span class='ocrx_word' id='word_1_71' title='bbox 544 1949 691 2015; x_wconf 77' lang='lat' dir='ltr'><strong>personae</strong></span> <span class='ocrx_word' id='word_1_72' title='bbox 714 1928 857 1994; x_wconf 85' lang='lat' dir='ltr'><strong>ecclesiae</strong></span> <span class='ocrx_word' id='word_1_73' title='bbox 880 1927 920 1992; x_wconf 89' lang='lat' dir='ltr'><strong>de</strong></span> <span class='ocrx_word' id='word_1_74' title='bbox 944 1927 1125 2015; x_wconf 83' lang='lat' dir='ltr'><strong>Seggefeld’</strong></span> <span class='ocrx_word' id='word_1_75' title='bbox 1149 1969 1162 1979; x_wconf 96' lang='lat'>-</span> <span class='ocrx_word' id='word_1_76' title='bbox 1208 1951 1238 1996; x_wconf 87' lang='lat' dir='ltr'><strong>v.</strong></span> <span class='ocrx_word' id='word_1_77' title='bbox 1253 1952 1356 1996; x_wconf 79' lang='lat' dir='ltr'><strong>onore.</strong></span> 
     </span>
    </p>

    <p class='ocr_par' dir='ltr' id='par_1_8' title="bbox 353 2029 1357 2117">
     <span class='ocr_line' id='line_1_12' title="bbox 353 2029 1357 2117; baseline 0 -22"><span class='ocrx_word' id='word_1_78' title='bbox 353 2029 404 2096; x_wconf 88' lang='lat' dir='ltr'><strong>De</strong></span> <span class='ocrx_word' id='word_1_79' title='bbox 437 2029 588 2116; x_wconf 74' lang='lat' dir='ltr'><strong>portione</strong></span> <span class='ocrx_word' id='word_1_80' title='bbox 622 2051 695 2116; x_wconf 82' lang='lat' dir='ltr'><strong>quae</strong></span> <span class='ocrx_word' id='word_1_81' title='bbox 726 2029 792 2095; x_wconf 82' lang='lat' dir='ltr'><strong>fuit</strong></span> <span class='ocrx_word' id='word_1_82' title='bbox 823 2029 991 2116; x_wconf 88' lang='lat' dir='ltr'><strong>Radulphi</strong></span> <span class='ocrx_word' id='word_1_83' title='bbox 1022 2031 1063 2094; x_wconf 94' lang='lat' dir='ltr'><strong>de</strong></span> <span class='ocrx_word' id='word_1_84' title='bbox 1093 2032 1217 2117; x_wconf 86' lang='lat' dir='ltr'><strong>Besage</strong></span> <span class='ocrx_word' id='word_1_85' title='bbox 1249 2031 1286 2095; x_wconf 90' lang='lat' dir='ltr'><strong>in</strong></span> <span class='ocrx_word' id='word_1_86' title='bbox 1308 2053 1357 2096; x_wconf 92' lang='lat' dir='ltr'><strong>ec-</strong></span> 
     </span>
    </p>

    <p class='ocr_par' dir='ltr' id='par_1_9' title="bbox 354 2131 1359 2812">
     <span class='ocr_line' id='line_1_13' title="bbox 397 2131 1357 2218; baseline 0.002 -22"><span class='ocrx_word' id='word_1_87' title='bbox 397 2131 495 2196; x_wconf 89' lang='lat' dir='ltr'><strong>clesia</strong></span> <span class='ocrx_word' id='word_1_88' title='bbox 517 2131 559 2196; x_wconf 90' lang='lat' dir='ltr'><strong>de</strong></span> <span class='ocrx_word' id='word_1_89' title='bbox 581 2132 786 2217; x_wconf 86' lang='lat' dir='ltr'><strong>Langecestr’</strong></span> <span class='ocrx_word' id='word_1_90' title='bbox 899 2166 913 2178; x_wconf 95' lang='lat'>-</span> <span class='ocrx_word' id='word_1_91' title='bbox 1047 2170 1060 2181; x_wconf 96' lang='lat'>-</span> <span class='ocrx_word' id='word_1_92' title='bbox 1105 2131 1185 2217; x_wconf 67' lang='lat' dir='ltr'><strong>bxvj.</strong></span> <span class='ocrx_word' id='word_1_93' title='bbox 1203 2154 1226 2197; x_wconf 85' lang='grc'><strong>6.</strong></span> <span class='ocrx_word' id='word_1_94' title='bbox 1242 2132 1309 2218; x_wconf 90' lang='lat' dir='ltr'><strong>viij.</strong></span> <span class='ocrx_word' id='word_1_95' title='bbox 1326 2133 1357 2199; x_wconf 87' lang='lat' dir='ltr'><strong>d.</strong></span> 
     </span>
     <span class='ocr_line' id='line_1_14' title="bbox 354 2232 1359 2319; baseline 0 -21"><span class='ocrx_word' id='word_1_96' title='bbox 354 2233 405 2298; x_wconf 87' lang='lat' dir='ltr'><strong>De</strong></span> <span class='ocrx_word' id='word_1_97' title='bbox 442 2233 594 2319; x_wconf 88' lang='lat' dir='ltr'><strong>portione</strong></span> <span class='ocrx_word' id='word_1_98' title='bbox 632 2255 706 2319; x_wconf 89' lang='lat' dir='ltr'><strong>quae</strong></span> <span class='ocrx_word' id='word_1_99' title='bbox 743 2232 808 2297; x_wconf 89' lang='lat' dir='ltr'><strong>fuit</strong></span> <span class='ocrx_word' id='word_1_100' title='bbox 846 2233 979 2299; x_wconf 85' lang='lat' dir='ltr'><strong>Thomas</strong></span> <span class='ocrx_word' id='word_1_101' title='bbox 1017 2232 1059 2300; x_wconf 93' lang='lat' dir='ltr'><strong>de</strong></span> <span class='ocrx_word' id='word_1_102' title='bbox 1096 2233 1277 2300; x_wconf 89' lang='lat' dir='ltr'><strong>Leuesham</strong></span> <span class='ocrx_word' id='word_1_103' title='bbox 1323 2235 1359 2299; x_wconf 91' lang='lat' dir='ltr'><strong>in</strong></span> 
     </span>
     <span class='ocr_line' id='line_1_15' title="bbox 399 2334 1358 2424; baseline 0.002 -24"><span class='ocrx_word' id='word_1_104' title='bbox 399 2334 533 2400; x_wconf 89' lang='lat' dir='ltr'><strong>ecclesia</strong></span> <span class='ocrx_word' id='word_1_105' title='bbox 555 2334 659 2400; x_wconf 84' lang='lat' dir='ltr'><strong>Oestr&#39;</strong></span> <span class='ocrx_word' id='word_1_106' title='bbox 743 2371 756 2382; x_wconf 96' lang='lat'>-</span> <span class='ocrx_word' id='word_1_107' title='bbox 892 2368 906 2380; x_wconf 92' lang='lat'><em>-</em></span> <span class='ocrx_word' id='word_1_108' title='bbox 1040 2371 1053 2382; x_wconf 96' lang='lat'>-</span> <span class='ocrx_word' id='word_1_109' title='bbox 1188 2370 1201 2382; x_wconf 97' lang='lat'>·</span> <span class='ocrx_word' id='word_1_110' title='bbox 1246 2336 1305 2424; x_wconf 89' lang='lat' dir='ltr'><strong>iiij.</strong></span> <span class='ocrx_word' id='word_1_111' title='bbox 1322 2337 1358 2403; x_wconf 81' lang='lat' dir='ltr'><strong>o‘.</strong></span> 
     </span>
     <span class='ocr_line' id='line_1_16' title="bbox 355 2434 1359 2524; baseline 0.003 -23"><span class='ocrx_word' id='word_1_112' title='bbox 355 2437 405 2502; x_wconf 92' lang='lat' dir='ltr'><strong>De</strong></span> <span class='ocrx_word' id='word_1_113' title='bbox 427 2437 578 2522; x_wconf 88' lang='lat' dir='ltr'><strong>portione</strong></span> <span class='ocrx_word' id='word_1_114' title='bbox 601 2435 767 2502; x_wconf 88' lang='lat' dir='ltr'><strong>Johannis</strong></span> <span class='ocrx_word' id='word_1_115' title='bbox 799 2434 840 2501; x_wconf 93' lang='grc'><strong>(16</strong></span> <span class='ocrx_word' id='word_1_116' title='bbox 863 2435 1069 2524; x_wconf 86' lang='lat' dir='ltr'><strong>Metingham</strong></span> <span class='ocrx_word' id='word_1_117' title='bbox 1103 2437 1140 2502; x_wconf 89' lang='lat' dir='ltr'><strong>in</strong></span> <span class='ocrx_word' id='word_1_118' title='bbox 1163 2439 1296 2504; x_wconf 89' lang='lat' dir='ltr'><strong>ecclesia</strong></span> <span class='ocrx_word' id='word_1_119' title='bbox 1318 2440 1359 2504; x_wconf 89' lang='lat' dir='ltr'><strong>de</strong></span> 
     </span>
     <span class='ocr_line' id='line_1_17' title="bbox 398 2538 1357 2626; baseline 0.006 -24"><span class='ocrx_word' id='word_1_120' title='bbox 398 2538 605 2626; x_wconf 83' lang='lat' dir='ltr'><strong>Derlington’</strong></span> <span class='ocrx_word' id='word_1_121' title='bbox 741 2571 754 2582; x_wconf 95' lang='lat'>·</span> <span class='ocrx_word' id='word_1_122' title='bbox 883 2575 900 2604; x_wconf 90' lang='lat'><strong>.-</strong></span> <span class='ocrx_word' id='word_1_123' title='bbox 1035 2577 1049 2590; x_wconf 94' lang='lat'>-</span> <span class='ocrx_word' id='word_1_124' title='bbox 1095 2541 1177 2607; x_wconf 87' lang='lat' dir='ltr'><strong>lv.s.</strong></span> <span class='ocrx_word' id='word_1_125' title='bbox 1202 2541 1246 2626; x_wconf 89' lang='lat' dir='ltr'><strong>vj.</strong></span> <span class='ocrx_word' id='word_1_126' title='bbox 1264 2541 1357 2608; x_wconf 83' lang='grc'><strong>(161.</strong></span> 
     </span>
     <span class='ocr_line' id='line_1_18' title="bbox 354 2639 1351 2728; baseline 0.003 -22"><span class='ocrx_word' id='word_1_127' title='bbox 354 2641 405 2707; x_wconf 91' lang='lat' dir='ltr'><strong>De</strong></span> <span class='ocrx_word' id='word_1_128' title='bbox 427 2641 578 2728; x_wconf 88' lang='lat' dir='ltr'><strong>portione</strong></span> <span class='ocrx_word' id='word_1_129' title='bbox 594 2639 751 2706; x_wconf 89' lang='lat' dir='ltr'><strong>Willelmi</strong></span> <span class='ocrx_word' id='word_1_130' title='bbox 775 2641 816 2707; x_wconf 92' lang='lat' dir='ltr'><strong>de</strong></span> <span class='ocrx_word' id='word_1_131' title='bbox 832 2641 1023 2728; x_wconf 90' lang='lat' dir='ltr'><strong>Brompton’</strong></span> <span class='ocrx_word' id='word_1_132' title='bbox 1047 2643 1083 2707; x_wconf 91' lang='lat' dir='ltr'><strong>in</strong></span> <span class='ocrx_word' id='word_1_133' title='bbox 1105 2643 1240 2710; x_wconf 87' lang='lat' dir='ltr'><strong>ecclesia</strong></span> <span class='ocrx_word' id='word_1_134' title='bbox 1256 2643 1351 2711; x_wconf 78' lang='lat' dir='ltr'><strong>Cesti·</strong></span> 
     </span>
     <span class='ocr_line' id='line_1_19' title="bbox 1262 2769 1357 2812; baseline 0.021 -2"><span class='ocrx_word' id='word_1_135' title='bbox 1262 2769 1315 2810; x_wconf 72' lang='lat' dir='ltr'><strong>xx</strong></span> <span class='ocrx_word' id='word_1_136' title='bbox 1333 2770 1357 2812; x_wconf 94' lang='grc'><strong>6.</strong></span> 
     </span>
    </p>

    <p class='ocr_par' dir='ltr' id='par_1_10' title="bbox 357 2844 1357 2932">
     <span class='ocr_line' id='line_1_20' title="bbox 357 2844 1357 2932; baseline 0.005 -23"><span class='ocrx_word' id='word_1_137' title='bbox 357 2845 407 2910; x_wconf 90' lang='lat' dir='ltr'><strong>De</strong></span> <span class='ocrx_word' id='word_1_138' title='bbox 430 2845 551 2911; x_wconf 80' lang='lat' dir='ltr'><strong>abbate</strong></span> <span class='ocrx_word' id='word_1_139' title='bbox 585 2844 627 2910; x_wconf 96' lang='grc'><strong>(16</strong></span> <span class='ocrx_word' id='word_1_140' title='bbox 649 2845 836 2932; x_wconf 85' lang='lat' dir='ltr'><strong>Alnevvyk’,</strong></span> <span class='ocrx_word' id='word_1_141' title='bbox 857 2867 995 2931; x_wconf 91' lang='lat' dir='ltr'><strong>persona</strong></span> <span class='ocrx_word' id='word_1_142' title='bbox 1029 2847 1172 2914; x_wconf 88' lang='lat' dir='ltr'><strong>ecclesiae</strong></span> <span class='ocrx_word' id='word_1_143' title='bbox 1207 2847 1249 2913; x_wconf 89' lang='lat' dir='ltr'><strong>de</strong></span> <span class='ocrx_word' id='word_1_144' title='bbox 1281 2849 1357 2914; x_wconf 91' lang='lat' dir='ltr'><strong>Les·</strong></span> 
     </span>
    </p>

    <p class='ocr_par' dir='ltr' id='par_1_11' title="bbox 398 2947 494 3012">
     <span class='ocr_line' id='line_1_21' title="bbox 398 2947 494 3012; baseline -0.021 0"><span class='ocrx_word' id='word_1_145' title='bbox 398 2947 494 3012; x_wconf 90' lang='lat' dir='ltr'><strong>cebir’</strong></span> 
     </span>
    </p>

    <p class='ocr_par' dir='ltr' id='par_1_12' title="bbox 354 3049 1248 3138">
     <span class='ocr_line' id='line_1_22' title="bbox 354 3049 1248 3138; baseline 0.001 -22"><span class='ocrx_word' id='word_1_146' title='bbox 354 3050 404 3116; x_wconf 90' lang='lat' dir='ltr'><strong>De</strong></span> <span class='ocrx_word' id='word_1_147' title='bbox 425 3071 565 3136; x_wconf 88' lang='lat' dir='ltr'><strong>persona</strong></span> <span class='ocrx_word' id='word_1_148' title='bbox 587 3049 731 3116; x_wconf 87' lang='lat' dir='ltr'><strong>ecclesiae</strong></span> <span class='ocrx_word' id='word_1_149' title='bbox 754 3049 795 3115; x_wconf 91' lang='grc'><strong>(16</strong></span> <span class='ocrx_word' id='word_1_150' title='bbox 818 3049 1018 3138; x_wconf 86' lang='lat' dir='ltr'><strong>Ovyngham</strong></span> <span class='ocrx_word' id='word_1_151' title='bbox 1086 3090 1099 3102; x_wconf 94' lang='lat'>·</span> <span class='ocrx_word' id='word_1_152' title='bbox 1235 3091 1248 3103; x_wconf 96' lang='lat'>-</span> 
     </span>
    </p>

    <p class='ocr_par' dir='ltr' id='par_1_13' title="bbox 354 3151 1360 3238">
     <span class='ocr_line' id='line_1_23' title="bbox 354 3151 1360 3238; baseline 0.006 -23"><span class='ocrx_word' id='word_1_153' title='bbox 354 3151 404 3216; x_wconf 87' lang='lat' dir='ltr'><strong>De</strong></span> <span class='ocrx_word' id='word_1_154' title='bbox 425 3151 549 3216; x_wconf 87' lang='lat' dir='ltr'><strong>vicario</strong></span> <span class='ocrx_word' id='word_1_155' title='bbox 572 3151 614 3217; x_wconf 91' lang='lat' dir='ltr'><strong>de</strong></span> <span class='ocrx_word' id='word_1_156' title='bbox 636 3151 849 3238; x_wconf 85' lang='lat' dir='ltr'><strong>Hautwysill’</strong></span> <span class='ocrx_word' id='word_1_157' title='bbox 917 3188 931 3203; x_wconf 92' lang='lat'>·</span> <span class='ocrx_word' id='word_1_158' title='bbox 1066 3189 1080 3201; x_wconf 96' lang='lat'>·</span> <span class='ocrx_word' id='word_1_159' title='bbox 1353 3207 1360 3221; x_wconf 89' lang='lat'><strong><em>.</em></strong></span> 
     </span>
    </p>

    <p class='ocr_par' dir='ltr' id='par_1_14' title="bbox 355 3253 1358 3342">
     <span class='ocr_line' id='line_1_24' title="bbox 355 3253 1358 3342; baseline 0.003 -24"><span class='ocrx_word' id='word_1_160' title='bbox 355 3253 405 3319; x_wconf 92' lang='grc' dir='ltr'><strong>Ι)6</strong></span> <span class='ocrx_word' id='word_1_161' title='bbox 427 3253 551 3320; x_wconf 89' lang='lat' dir='ltr'><strong>vicario</strong></span> <span class='ocrx_word' id='word_1_162' title='bbox 574 3254 615 3319; x_wconf 94' lang='lat' dir='ltr'><strong>de</strong></span> <span class='ocrx_word' id='word_1_163' title='bbox 639 3253 827 3320; x_wconf 89' lang='lat' dir='ltr'><strong>Hildreton&#39;</strong></span> <span class='ocrx_word' id='word_1_164' title='bbox 903 3289 917 3302; x_wconf 82' lang='lat'><em>-</em></span> <span class='ocrx_word' id='word_1_165' title='bbox 1051 3293 1065 3305; x_wconf 93' lang='lat'><strong>·</strong></span> <span class='ocrx_word' id='word_1_166' title='bbox 1110 3256 1179 3342; x_wconf 85' lang='lat' dir='ltr'><strong>xvj.</strong></span> <span class='ocrx_word' id='word_1_167' title='bbox 1194 3278 1217 3322; x_wconf 89' lang='lat' dir='ltr'><strong>s.</strong></span> <span class='ocrx_word' id='word_1_168' title='bbox 1241 3257 1309 3342; x_wconf 90' lang='lat' dir='ltr'><strong>viij.</strong></span> <span class='ocrx_word' id='word_1_169' title='bbox 1328 3255 1358 3321; x_wconf 86' lang='lat' dir='ltr'><strong>d.</strong></span> 
     </span>
    </p>

    <p class='ocr_par' dir='ltr' id='par_1_15' title="bbox 310 3356 1360 3849">
     <span class='ocr_line' id='line_1_25' title="bbox 355 3356 1360 3444; baseline 0 -23"><span class='ocrx_word' id='word_1_170' title='bbox 355 3356 411 3421; x_wconf 88' lang='lat' dir='ltr'><strong>Ad</strong></span> <span class='ocrx_word' id='word_1_171' title='bbox 435 3377 508 3442; x_wconf 83' lang='lat' dir='ltr'><strong>quae</strong></span> <span class='ocrx_word' id='word_1_172' title='bbox 536 3357 624 3422; x_wconf 89' lang='lat' dir='ltr'><strong>bona</strong></span> <span class='ocrx_word' id='word_1_173' title='bbox 646 3377 713 3422; x_wconf 91' lang='lat' dir='ltr'><strong>non</strong></span> <span class='ocrx_word' id='word_1_174' title='bbox 736 3357 924 3421; x_wconf 84' lang='lat' dir='ltr'><strong>invenimus</strong></span> <span class='ocrx_word' id='word_1_175' title='bbox 940 3363 1110 3444; x_wconf 87' lang='lat' dir='ltr'><strong>emptores,</strong></span> <span class='ocrx_word' id='word_1_176' title='bbox 1132 3362 1267 3443; x_wconf 89' lang='lat' dir='ltr'><strong>propter</strong></span> <span class='ocrx_word' id='word_1_177' title='bbox 1289 3363 1360 3421; x_wconf 90' lang='lat' dir='ltr'><strong>tur·</strong></span> 
     </span>
     <span class='ocr_line' id='line_1_26' title="bbox 310 3456 1360 3545; baseline 0.002 -23"><span class='ocrx_word' id='word_1_178' title='bbox 310 3456 476 3524; x_wconf 84' lang='lat' dir='ltr'><strong>bationem</strong></span> <span class='ocrx_word' id='word_1_179' title='bbox 493 3459 637 3545; x_wconf 88' lang='lat' dir='ltr'><strong>partium</strong></span> <span class='ocrx_word' id='word_1_180' title='bbox 660 3460 696 3522; x_wconf 94' lang='lat' dir='ltr'><strong>in</strong></span> <span class='ocrx_word' id='word_1_181' title='bbox 715 3457 870 3523; x_wconf 87' lang='lat' dir='ltr'><strong>Marcbiis</strong></span> <span class='ocrx_word' id='word_1_182' title='bbox 886 3458 1014 3536; x_wconf 82' lang='lat' dir='ltr'><strong>Scotiee,</strong></span> <span class='ocrx_word' id='word_1_183' title='bbox 1030 3459 1090 3523; x_wconf 91' lang='lat' dir='ltr'><strong>ubi</strong></span> <span class='ocrx_word' id='word_1_184' title='bbox 1104 3459 1201 3525; x_wconf 86' lang='lat' dir='ltr'><strong>dictae</strong></span> <span class='ocrx_word' id='word_1_185' title='bbox 1217 3459 1360 3524; x_wconf 84' lang='lat' dir='ltr'><strong>ecolesiae</strong></span> 
     </span>
     <span class='ocr_line' id='line_1_27' title="bbox 311 3558 1359 3646; baseline 0 -22"><span class='ocrx_word' id='word_1_186' title='bbox 311 3559 489 3638; x_wconf 86' lang='lat' dir='ltr'><strong>situantur,</strong></span> <span class='ocrx_word' id='word_1_187' title='bbox 513 3565 547 3626; x_wconf 90' lang='lat' dir='ltr'><strong>et</strong></span> <span class='ocrx_word' id='word_1_188' title='bbox 569 3560 647 3646; x_wconf 91' lang='lat' dir='ltr'><strong>quia</strong></span> <span class='ocrx_word' id='word_1_189' title='bbox 668 3560 796 3624; x_wconf 87' lang='lat' dir='ltr'><strong>fructus</strong></span> <span class='ocrx_word' id='word_1_190' title='bbox 827 3558 1036 3624; x_wconf 88' lang='lat' dir='ltr'><strong>autumnales</strong></span> <span class='ocrx_word' id='word_1_191' title='bbox 1064 3561 1211 3624; x_wconf 91' lang='lat' dir='ltr'><strong>nondum</strong></span> <span class='ocrx_word' id='word_1_192' title='bbox 1234 3561 1271 3623; x_wconf 88' lang='lat' dir='ltr'><strong>in</strong></span> <span class='ocrx_word' id='word_1_193' title='bbox 1293 3559 1359 3624; x_wconf 91' lang='lat' dir='ltr'><strong>illis</strong></span> 
     </span>
     <span class='ocr_line' id='line_1_28' title="bbox 311 3659 1358 3747; baseline 0 -22"><span class='ocrx_word' id='word_1_194' title='bbox 311 3663 463 3747; x_wconf 86' lang='lat' dir='ltr'><strong>partibus</strong></span> <span class='ocrx_word' id='word_1_195' title='bbox 486 3660 706 3746; x_wconf 83' lang='lat' dir='ltr'><strong>colliguntur3</strong></span> <span class='ocrx_word' id='word_1_196' title='bbox 729 3681 785 3746; x_wconf 91' lang='lat' dir='ltr'><strong>per</strong></span> <span class='ocrx_word' id='word_1_197' title='bbox 801 3659 982 3725; x_wconf 84' lang='lat' dir='ltr'><strong>sententias</strong></span> <span class='ocrx_word' id='word_1_198' title='bbox 1005 3666 1117 3726; x_wconf 87' lang='lat' dir='ltr'><strong>tamen</strong></span> <span class='ocrx_word' id='word_1_199' title='bbox 1136 3661 1358 3728; x_wconf 87' lang='lat' dir='ltr'><strong>excommuni-</strong></span> 
     </span>
     <span class='ocr_line' id='line_1_29' title="bbox 311 3762 1155 3849; baseline -0.001 -21"><span class='ocrx_word' id='word_1_200' title='bbox 311 3763 451 3828; x_wconf 82' lang='lat' dir='ltr'><strong>cationis</strong></span> <span class='ocrx_word' id='word_1_201' title='bbox 473 3767 508 3828; x_wconf 88' lang='lat' dir='ltr'><strong>et</strong></span> <span class='ocrx_word' id='word_1_202' title='bbox 529 3763 698 3828; x_wconf 82' lang='lat' dir='ltr'><strong>interdicti</strong></span> <span class='ocrx_word' id='word_1_203' title='bbox 720 3762 934 3849; x_wconf 85' lang='lat' dir='ltr'><strong>processimus</strong></span> <span class='ocrx_word' id='word_1_204' title='bbox 957 3768 1072 3828; x_wconf 84' lang='lat' dir='ltr'><strong>contra</strong></span> <span class='ocrx_word' id='word_1_205' title='bbox 1093 3784 1155 3827; x_wconf 89' lang='lat' dir='ltr'><strong>eos.</strong></span> 
     </span>
    </p>

    <p class='ocr_par' dir='ltr' id='par_1_16' title="bbox 310 3863 1360 4465">
     <span class='ocr_line' id='line_1_30' title="bbox 358 3863 1356 3951; baseline 0.003 -23"><span class='ocrx_word' id='word_1_206' title='bbox 358 3863 409 3928; x_wconf 93' lang='lat' dir='ltr'><strong>De</strong></span> <span class='ocrx_word' id='word_1_207' title='bbox 432 3864 609 3951; x_wconf 86' lang='lat' dir='ltr'><strong>praebenda</strong></span> <span class='ocrx_word' id='word_1_208' title='bbox 631 3887 704 3950; x_wconf 88' lang='grc'><strong>6666</strong></span> <span class='ocrx_word' id='word_1_209' title='bbox 726 3863 792 3930; x_wconf 83' lang='lat' dir='ltr'><strong>fuit</strong></span> <span class='ocrx_word' id='word_1_210' title='bbox 813 3863 988 3950; x_wconf 83' lang='lat' dir='ltr'><strong>Reginaldi</strong></span> <span class='ocrx_word' id='word_1_211' title='bbox 1012 3865 1052 3930; x_wconf 92' lang='lat' dir='ltr'><strong>de</strong></span> <span class='ocrx_word' id='word_1_212' title='bbox 1068 3865 1240 3943; x_wconf 89' lang='lat' dir='ltr'><strong>Brandon’,</strong></span> <span class='ocrx_word' id='word_1_213' title='bbox 1256 3887 1356 3950; x_wconf 91' lang='lat' dir='ltr'><strong>quam</strong></span> 
     </span>
     <span class='ocr_line' id='line_1_31' title="bbox 310 3966 1360 4054; baseline 0.001 -23"><span class='ocrx_word' id='word_1_214' title='bbox 310 3987 399 4032; x_wconf 90' lang='lat' dir='ltr'><strong>nunc</strong></span> <span class='ocrx_word' id='word_1_215' title='bbox 430 3971 524 4031; x_wconf 86' lang='lat' dir='ltr'><strong>tenet</strong></span> <span class='ocrx_word' id='word_1_216' title='bbox 556 3966 709 4032; x_wconf 90' lang='lat' dir='ltr'><strong>domiuus</strong></span> <span class='ocrx_word' id='word_1_217' title='bbox 741 3966 850 4031; x_wconf 86' lang='lat' dir='ltr'><strong>Adam</strong></span> <span class='ocrx_word' id='word_1_218' title='bbox 885 3966 926 4032; x_wconf 92' lang='grc'><strong>(16</strong></span> <span class='ocrx_word' id='word_1_219' title='bbox 958 3966 1125 4054; x_wconf 85' lang='lat' dir='ltr'><strong>Osegotby</strong></span> <span class='ocrx_word' id='word_1_220' title='bbox 1160 3967 1196 4031; x_wconf 92' lang='lat' dir='ltr'><strong>in</strong></span> <span class='ocrx_word' id='word_1_221' title='bbox 1226 3968 1360 4032; x_wconf 88' lang='lat' dir='ltr'><strong>ecclesia</strong></span> 
     </span>
     <span class='ocr_line' id='line_1_32' title="bbox 312 4067 1358 4154; baseline 0 -20"><span class='ocrx_word' id='word_1_222' title='bbox 312 4067 425 4146; x_wconf 82' lang='lat' dir='ltr'><strong>Oestr&#39;,</strong></span> <span class='ocrx_word' id='word_1_223' title='bbox 448 4069 724 4154; x_wconf 86' lang='lat' dir='ltr'><strong>sequestravimus</strong></span> <span class='ocrx_word' id='word_1_224' title='bbox 755 4069 798 4133; x_wconf 92' lang='lat' dir='ltr'><strong>ad</strong></span> <span class='ocrx_word' id='word_1_225' title='bbox 829 4068 1009 4133; x_wconf 89' lang='lat' dir='ltr'><strong>valentiam</strong></span> <span class='ocrx_word' id='word_1_226' title='bbox 1033 4091 1088 4134; x_wconf 82' lang='lat' dir='ltr'><strong>xx.</strong></span> <span class='ocrx_word' id='word_1_227' title='bbox 1105 4090 1128 4135; x_wconf 84' lang='grc'><strong>6.</strong></span> <span class='ocrx_word' id='word_1_228' title='bbox 1162 4070 1358 4135; x_wconf 85' lang='lat' dir='ltr'><strong>Mandatum</strong></span> 
     </span>
     <span class='ocr_line' id='line_1_33' title="bbox 310 4167 1359 4258; baseline 0 -22"><span class='ocrx_word' id='word_1_229' title='bbox 310 4171 423 4238; x_wconf 86' lang='lat' dir='ltr'><strong>tamen</strong></span> <span class='ocrx_word' id='word_1_230' title='bbox 438 4179 586 4238; x_wconf 88' lang='lat' dir='ltr'><strong>vestrum</strong></span> <span class='ocrx_word' id='word_1_231' title='bbox 602 4171 810 4258; x_wconf 89' lang='lat' dir='ltr'><strong>postmodum</strong></span> <span class='ocrx_word' id='word_1_232' title='bbox 821 4167 1022 4256; x_wconf 84' lang='lat' dir='ltr'><strong>¹recepimus,</strong></span> <span class='ocrx_word' id='word_1_233' title='bbox 1039 4171 1127 4256; x_wconf 92' lang='lat' dir='ltr'><strong>quod</strong></span> <span class='ocrx_word' id='word_1_234' title='bbox 1150 4172 1229 4258; x_wconf 90' lang='lat' dir='ltr'><strong>quia</strong></span> <span class='ocrx_word' id='word_1_235' title='bbox 1244 4172 1359 4238; x_wconf 86' lang='lat' dir='ltr'><strong>inven-</strong></span> 
     </span>
     <span class='ocr_line' id='line_1_34' title="bbox 313 4273 1358 4364; baseline 0.001 -25"><span class='ocrx_word' id='word_1_236' title='bbox 313 4281 387 4339; x_wconf 89' lang='lat' dir='ltr'><strong>tum</strong></span> <span class='ocrx_word' id='word_1_237' title='bbox 409 4273 475 4339; x_wconf 83' lang='lat' dir='ltr'><strong>fuit</strong></span> <span class='ocrx_word' id='word_1_238' title='bbox 507 4274 544 4338; x_wconf 93' lang='lat' dir='ltr'><strong>in</strong></span> <span class='ocrx_word' id='word_1_239' title='bbox 566 4274 733 4340; x_wconf 84' lang='lat' dir='ltr'><strong>Scaccario</strong></span> <span class='ocrx_word' id='word_1_240' title='bbox 755 4275 804 4339; x_wconf 93' lang='lat' dir='ltr'><strong>nil</strong></span> <span class='ocrx_word' id='word_1_241' title='bbox 834 4296 902 4340; x_wconf 89' lang='lat' dir='ltr'><strong>esse</strong></span> <span class='ocrx_word' id='word_1_242' title='bbox 925 4275 1077 4340; x_wconf 92' lang='lat' dir='ltr'><strong>debitum</strong></span> <span class='ocrx_word' id='word_1_243' title='bbox 1111 4275 1152 4341; x_wconf 91' lang='lat' dir='ltr'><strong>de</strong></span> <span class='ocrx_word' id='word_1_244' title='bbox 1183 4277 1358 4364; x_wconf 83' lang='lat' dir='ltr'><strong>praebenda</strong></span> 
     </span>
     <span class='ocr_line' id='line_1_35' title="bbox 311 4375 1283 4465; baseline 0.001 -23"><span class='ocrx_word' id='word_1_245' title='bbox 311 4377 432 4456; x_wconf 86' lang='lat' dir='ltr'><strong>eadem,</strong></span> <span class='ocrx_word' id='word_1_246' title='bbox 456 4377 499 4442; x_wconf 95' lang='lat' dir='ltr'><strong>ab</strong></span> <span class='ocrx_word' id='word_1_247' title='bbox 522 4375 693 4442; x_wconf 84' lang='lat' dir='ltr'><strong>exactione</strong></span> <span class='ocrx_word' id='word_1_248' title='bbox 714 4376 815 4462; x_wconf 89' lang='lat' dir='ltr'><strong>hujus</strong></span> <span class='ocrx_word' id='word_1_249' title='bbox 837 4378 1119 4465; x_wconf 86' lang='lat' dir='ltr'><strong>supersederemus</strong></span> <span class='ocrx_word' id='word_1_250' title='bbox 1142 4379 1283 4443; x_wconf 91' lang='lat' dir='ltr'><strong>omnino.</strong></span> 
     </span>
    </p>

    <p class='ocr_par' dir='ltr' id='par_1_17' title="bbox 312 4477 1360 4771">
     <span class='ocr_line' id='line_1_36' title="bbox 355 4477 1358 4566; baseline 0.004 -22"><span class='ocrx_word' id='word_1_251' title='bbox 355 4479 406 4545; x_wconf 92' lang='lat' dir='ltr'><strong>De</strong></span> <span class='ocrx_word' id='word_1_252' title='bbox 422 4479 573 4566; x_wconf 88' lang='lat' dir='ltr'><strong>portione</strong></span> <span class='ocrx_word' id='word_1_253' title='bbox 588 4477 725 4544; x_wconf 88' lang='lat' dir='ltr'><strong>Roberti</strong></span> <span class='ocrx_word' id='word_1_254' title='bbox 741 4479 781 4544; x_wconf 92' lang='lat' dir='ltr'><strong>de</strong></span> <span class='ocrx_word' id='word_1_255' title='bbox 796 4477 975 4566; x_wconf 90' lang='lat' dir='ltr'><strong>Wyccmbe</strong></span> <span class='ocrx_word' id='word_1_256' title='bbox 990 4479 1026 4544; x_wconf 90' lang='lat' dir='ltr'><strong>in</strong></span> <span class='ocrx_word' id='word_1_257' title='bbox 1043 4480 1176 4545; x_wconf 84' lang='lat' dir='ltr'><strong>ecclesia</strong></span> <span class='ocrx_word' id='word_1_258' title='bbox 1190 4481 1230 4546; x_wconf 93' lang='lat' dir='ltr'><strong>de</strong></span> <span class='ocrx_word' id='word_1_259' title='bbox 1246 4482 1358 4548; x_wconf 82' lang='lat' dir='ltr'><strong>Anke-</strong></span> 
     </span>
     <span class='ocr_line' id='line_1_37' title="bbox 319 4580 1360 4671; baseline 0.005 -25"><span class='ocrx_word' id='word_1_260' title='bbox 319 4583 408 4660; x_wconf 88' lang='lat' dir='ltr'><strong>land,</strong></span> <span class='ocrx_word' id='word_1_261' title='bbox 430 4602 498 4646; x_wconf 90' lang='lat' dir='ltr'><strong>non</strong></span> <span class='ocrx_word' id='word_1_262' title='bbox 521 4580 727 4646; x_wconf 85' lang='lat' dir='ltr'><strong>debebantur</strong></span> <span class='ocrx_word' id='word_1_263' title='bbox 748 4581 813 4646; x_wconf 90' lang='lat' dir='ltr'><strong>nisi</strong></span> <span class='ocrx_word' id='word_1_264' title='bbox 836 4582 903 4668; x_wconf 87' lang='lat' dir='ltr'><strong>viij.</strong></span> <span class='ocrx_word' id='word_1_265' title='bbox 918 4581 963 4660; x_wconf 75' lang='lat' dir='ltr'><strong>lt,</strong></span> <span class='ocrx_word' id='word_1_266' title='bbox 979 4585 1077 4668; x_wconf 87' lang='lat' dir='ltr'><strong>prout</strong></span> <span class='ocrx_word' id='word_1_267' title='bbox 1099 4591 1193 4671; x_wconf 85' lang='lat' dir='ltr'><strong>patet</strong></span> <span class='ocrx_word' id='word_1_268' title='bbox 1214 4605 1271 4670; x_wconf 90' lang='lat' dir='ltr'><strong>per</strong></span> <span class='ocrx_word' id='word_1_269' title='bbox 1293 4585 1360 4651; x_wconf 92' lang='lat' dir='ltr'><strong>duo</strong></span> 
     </span>
     <span class='ocr_line' id='line_1_38' title="bbox 312 4681 1354 4771; baseline 0.005 -23"><span class='ocrx_word' id='word_1_270' title='bbox 312 4683 420 4771; x_wconf 84' lang='lat' dir='ltr'><strong>prima</strong></span> <span class='ocrx_word' id='word_1_271' title='bbox 430 4681 545 4750; x_wconf 90' lang='lat' dir='ltr'><strong>brevia</strong></span> <span class='ocrx_word' id='word_1_272' title='bbox 555 4682 652 4748; x_wconf 91' lang='lat' dir='ltr'><strong>nobis</strong></span> <span class='ocrx_word' id='word_1_273' title='bbox 667 4682 788 4766; x_wconf 87' lang='lat' dir='ltr'><strong>missa;</strong></span> <span class='ocrx_word' id='word_1_274' title='bbox 804 4704 878 4770; x_wconf 87' lang='lat' dir='ltr'><strong>quae</strong></span> <span class='ocrx_word' id='word_1_275' title='bbox 894 4687 967 4750; x_wconf 86' lang='lat' dir='ltr'><strong>octo</strong></span> <span class='ocrx_word' id='word_1_276' title='bbox 979 4683 1071 4752; x_wconf 79' lang='lat' dir='ltr'><strong>librae</strong></span> <span class='ocrx_word' id='word_1_277' title='bbox 1087 4687 1203 4753; x_wconf 87' lang='lat' dir='ltr'><strong>solutae</strong></span> <span class='ocrx_word' id='word_1_278' title='bbox 1219 4686 1354 4753; x_wconf 88' lang='lat' dir='ltr'><strong>fuerunt</strong></span> 
     </span>
    </p>
   </div>
   <div class='ocr_carea' id='block_1_3' title="bbox 0 0 1789 5714">
    <p class='ocr_par' dir='ltr' id='par_1_18' title="bbox 0 0 1789 5714">
     <span class='ocr_line' id='line_1_39' title="bbox 0 0 1789 5714; baseline 0 0"><span class='ocrx_word' id='word_1_279' title='bbox 0 0 1789 5714; x_wconf 95' lang='lat' dir='ltr'><strong> </strong></span> 
     </span>
    </p>
   </div>
  </div>
 </body>
</html>
