3452 5702
385 785 450 857 700
564 804 760 856 nsorsrnuu
783 806 985 855 rsmrmun
1008 807 1250 859 susannense

230 1001 287 1046 ΛΦ·
296 1003 354 1074 ,1³¹9-
659 995 829 1074 Ricardus,
877 998 1090 1082 permissione
1140 997 1262 1076 divina,
1302 999 1429 1064 Dunol-
1443 1005 1605 1058 Androm

215 1063 364 1107 Oommrmon
385 1057 577 1108 commissio.-

216 1115 243 1206 33
249 1114 292 1207 {1¹¹3
288 1114 363 1216 Lpaor
617 1100 737 1166 mensis
764 1101 942 1186 episcopus,
965 1099 1085 1164 dilecto
1100 1099 1179 1178 filio,
1202 1101 1335 1166 domino
1360 1153 1366 1166 .
1391 1154 1398 1166 .
1423 1155 1430 1167 .

215 1213 366 1316 {3223ssth-
384 1204 487 1291 priori
512 1203 635 1270 Insulae
656 1203 774 1280 Sacrae,
789 1201 936 1279 salutem,
953 1202 1095 1286 gratiam
1111 1207 1146 1267 et
1161 1202 1428 1268 benedictionem.

213 1314 363 1407 ffifflgfvie
385 1306 470 1372 Cum
509 1305 730 1393 acceperimus
768 1327 788 1369 a
825 1304 1031 1390 quibusdam,
1072 1307 1168 1389 quod,
1202 1304 1369 1370 Willelmo
1400 1305 1431 1371 le

215 1416 339 1506 ffiffissr
383 1408 508 1495 Spycer
530 1409 571 1474 de
594 1407 769 1492 Berewyk’
793 1406 931 1472 timente
955 1405 1018 1470 sibi
1036 1407 1229 1471 violentiam
1244 1407 1358 1472 inferri
1373 1429 1432 1494 per

215 1513 337 1608 ἓξὲξ
382 1511 566 1588 nonnullos,
582 1515 617 1575 et
640 1510 682 1574 ob
698 1510 733 1573 id
750 1507 793 1574 ad
807 1509 975 1574 ecclesiam
990 1508 1211 1594 parochialem
1226 1510 1268 1574 de
1283 1509 1431 1575 Norbam

380 1634 487 1697 nuper
509 1612 727 1698 confugiente,
744 1611 914 1675 iohannes
929 1610 1059 1696 Tyllok,
1078 1611 1261 1675 Willelmus
1277 1610 1430 1688 Godard’‚

382 1713 566 1782 Willelmus
588 1713 629 1778 de
653 1711 816 1798 Kyrkeby
838 1717 872 1777 et
894 1711 1062 1776 Wolterus
1085 1711 1212 1790 Russel,
1235 1733 1311 1778 eum
1344 1713 1430 1776 invi-

380 1820 454 1880 tum
488 1820 715 1891 extraxerunt,
746 1835 784 1879 ac
816 1819 1002 1878 extractum
1041 1812 1191 1879 fecerunt
1228 1835 1286 1900 per
1319 1813 1431 1900 eliqua

380 1922 528 2004 tempora
550 1917 638 1981 infra
660 1921 806 1988 castrum
841 1916 881 1980 de
916 1914 1066 1980 Norbam
1099 1915 1251 1993 detineri,
1275 1916 1430 1980 immuni-

379 2024 484 2084 tatem
507 2019 657 2096 ecclesiae,
680 2018 721 2083 ed
745 2039 843 2104 quam
867 2015 1068 2102 confugerat,
1091 2018 1267 2097 violando;
1296 2025 1431 2104 propter

270 2107 273 2114 ⁴
381 2121 469 2207 quod
492 2121 593 2198 vobis,
609 2120 649 2184 de
665 2120 759 2205 cujus
782 2118 978 2185 confidimus
1001 2119 1168 2184 industria
1186 2119 1428 2206 circumspecta,

379 2223 677 2309 adinquirendum
701 2223 741 2286 de
764 2221 952 2306 hujusmodi
975 2221 1062 2286 facto
1093 2221 1222 2307 plenius
1245 2221 1428 2302 veritatem,

380 2325 579 2390 audiendum
615 2345 729 2389 eorum
753 2322 980 2400 confessiones
1003 2323 1262 2410 impendendum
1284 2324 1371 2411 ipsis,
1395 2332 1429 2390 et

265 2429 267 2433 ’
378 2447 491 2492 eorum
515 2425 660 2503 cuilibet,
684 2425 720 2489 in
743 2425 849 2490 forma
867 2425 963 2510 juris,
985 2425 1179 2490 beneficium
1203 2425 1428 2504 absolutionis,

380 2550 417 2593 ao
451 2527 695 2614 injungendum
719 2527 842 2592 eisdem
873 2547 932 2613 pro
955 2527 1052 2592 modo
1075 2532 1110 2592 et
1139 2527 1245 2614 culpae
1269 2527 1429 2614 qualitate

378 2631 612 2716 poenitentiam
664 2630 850 2707 salutarem,
891 2631 941 2693 ita
982 2633 1095 2693 tamen
1143 2629 1234 2716 quod
1282 2631 1428 2715 praefatae

257 2773 262 2785 ·
310 2774 315 2786 ·
379 2731 531 2810 ecclesias,
546 2731 638 2816 cujus
664 2731 910 2796 immunitatem
934 2730 1111 2807 violarunt,
1126 2731 1155 2795 si
1176 2753 1244 2796 non
1267 2731 1429 2798 satisfece-

378 2833 455 2912 rint,
472 2834 515 2897 ad
530 2833 797 2899 satisfaciendum
821 2838 1055 2920 competenter,
1066 2832 1257 2917 juramento
1279 2835 1427 2919 praestito

382 2937 450 3000 sint
472 2935 611 3015 astricti,
627 2935 716 3000 vices
733 2939 863 3000 nostras
886 2934 1132 3013 committimus,
1156 2955 1229 2999 cum
1253 2935 1429 3001 coercionis

380 3036 545 3102 canonicae
568 3042 740 3124 potestate.
780 3035 904 3102 Valete.
935 3037 1061 3102 Datum
1085 3037 1175 3122 apud
1196 3037 1340 3114 Richale,
1357 3035 1427 3104 xx⁰.

380 3139 433 3204 dic
457 3139 592 3224 Aprilis,
608 3161 697 3204 anno
713 3139 850 3203 Domini
874 3135 1001 3204 M⁰.ccc⁰.
1024 3137 1280 3224 quintodecimo,
1302 3145 1337 3205 et
1351 3161 1427 3206 con-

379 3241 569 3306 secrationis
592 3246 715 3307 nostrae
737 3247 863 3326 quarto.

267 3467 276 3528 ζ
441 3510 446 3522 ,
511 3510 517 3522 ,
656 3443 941 3510 Reverendissirno
973 3443 1009 3506 in
1032 3441 1165 3521 Christo
1188 3443 1286 3528 patri,
1308 3447 1343 3506 et
1369 3441 1426 3507 do·

378 3509 575 3561 candesca-
610 3552 710 3630 mino,
735 3547 870 3612 domino
892 3545 1044 3622 Ricardc,
1068 3543 1133 3610 Dei
1154 3545 1272 3630 gratia,
1302 3543 1426 3608 Dunel-

345 3733 353 3744 ι
377 3656 486 3719 mensi
510 3655 670 3740 episcopo,
685 3671 764 3716 suus
786 3647 928 3725 humilis,
951 3647 1099 3724 devotus,
1122 3645 1248 3711 domini
1272 3697 1279 3710 .
1303 3697 1310 3712 .
1333 3696 1351 3725 .,
1375 3666 1426 3708 ar·

376 3753 560 3820 chidiaconi
583 3751 844 3829 Northumbriae,
860 3749 1013 3826 officialis,
1030 3750 1179 3828 salutem,
1196 3746 1425 3824 obedientiam,

375 3853 605 3928 reverentiam,
628 3851 752 3938 pariter
776 3854 810 3912 et
839 3847 1004 3913 honorem.
1050 3846 1246 3911 Mandatum
1276 3851 1425 3910 vestrum

270 3948 276 3962 ’
374 3976 480 4040 nuper
521 3954 637 4041 recepi,
668 3954 704 4017 in
743 3949 813 4015 haec
842 3948 1182 4025 verber-Ricardus,
1212 3946 1425 4034 permissione

375 4058 500 4134 divina,
536 4053 768 4124 Dunelmensis
806 4053 986 4139 episcopus,
1026 4051 1146 4116 dilecto
1182 4049 1260 4128 filio,
1298 4049 1424 4114 domini

375 4159 596 4224 archidiaconi
612 4154 863 4223 Northumbriae
879 4206 886 4220 .
902 4206 908 4219 .
925 4205 941 4232 .‚
957 4151 1095 4231 officiali,
1118 4152 1267 4233 salutem,
1283 4150 1424 4238 gratiam

377 4266 412 4327 et
433 4261 704 4328 benedictionem.
751 4257 802 4322 De
839 4254 1022 4322 defectibus
1051 4256 1232 4332 domorum,
1255 4253 1423 4334 librorum,

375 4363 657 4440 vestimentorum,
694 4361 905 4448 praediorum,
936 4380 974 4423 ac
1003 4379 1110 4423 rerum
1136 4357 1274 4422 aliarum
1308 4357 1350 4421 ad
1374 4379 1423 4422 ec-

378 4465 510 4531 clesiam
533 4465 573 4531 de
595 4465 700 4543 Ford’,
716 4469 839 4530 nostrae
862 4459 1017 4539 dioecesis,
1034 4459 1308 4546 provenientium,
1324 4459 1420 4525 certis

377 4567 418 4632 de
440 4567 553 4642 musis,
568 4567 722 4631 certiores
737 4566 810 4630 fieri
825 4563 1001 4650 cupientes,
1024 4562 1127 4640 vobis,
1142 4565 1255 4627 tenore
1277 4582 1421 4647 praesen-

378 4671 474 4748 tium,
496 4669 733 4736 committimus
758 4674 792 4732 et
827 4668 1023 4733 mandamus
1049 4671 1302 4753 quatenusper
1331 4666 1420 4732 viros
