3538 5712
480 841 678 892 numeneus
701 844 903 898 rsmmuuu
926 849 1164 902 nuuecuuusn.
1269 839 1351 905 1109

132 1026 176 1071 sn.
186 1029 261 1084 smus
269 1037 289 1082 c.
301 1025 414 1092 futuro
436 1047 504 1094 non
526 1029 644 1097 afferet
669 1052 800 1119 quoquo
832 1037 935 1102 modo.
997 1038 1039 1103 In
1070 1039 1163 1125 cujus
1185 1041 1233 1106 rei
1256 1042 1350 1107 testi-
1380 1063 1500 1110 snum.

301 1127 457 1208 monium,
493 1130 553 1196 hes
590 1132 702 1199 literas
739 1142 867 1202 nostres
905 1138 977 1203 fieri
1014 1141 1150 1207 fecimus
1189 1149 1347 1228 putentes.

302 1228 399 1294 Teste
432 1252 485 1296 me
517 1232 589 1318 ipso
623 1237 712 1321 apud
747 1236 908 1325 Clipnton,
931 1239 1040 1325 xxiij0.
1064 1242 1117 1307 die
1140 1242 1347 1326 Novembris,

301 1351 388 1396 anno
410 1331 503 1418 regni
524 1335 629 1398 nostri
652 1358 746 1403 nono.

299 1517 379 1570 breve
462 1520 468 1533 ·
512 1537 558 1586 p„
643 1484 837 1566 Edwardus,
869 1485 934 1552 Dei
964 1489 1082 1574 gretie,
1115 1511 1175 1554 rex
1208 1491 1492 1576 Anglieemheunge

299 1536 560 1720 puppibus
597 1586 750 1652 eominus
782 1587 963 1667 moenie,
987 1595 1022 1654 et
1044 1589 1123 1666 ‚dux
1145 1591 1347 1676 Aquitaniae,
1361 1561 1465 1701 {itit

317 1651 359 1717 0[
415 1669 484 1704 num.
596 1687 779 1753 venerabili
817 1688 853 1752 in
893 1689 1025 1754 Ciuisto
1064 1692 1160 1777 petri,
1199 1690 1347 1770 Riserdo,
1361 1662 1484 1752 miimi‘m

299 1784 412 1849 eadem
434 1787 552 1874 gretia,
575 1790 725 1876 episcopo
747 1788 976 1870 Dunolmensi,
992 1791 1140 1856 sulutem.
1186 1793 1239 1856 Ex
1254 1799 1347 1879 perte
1360 1759 1475 1879 iiiii?
1484 1761 1509 1802 ω

297 1885 382 1952 Adeo
414 1888 445 1954 le
477 1889 586 1958 Olerk'
618 1892 659 1956 de
691 1891 829 1968 Lenum,
855 1890 951 1956 nobis
985 1899 1036 1956 est
1058 1898 1234 1971 ostensum,
1259 1895 1347 1978 quod
1360 1857 1509 1952 fflfflffl

298 2009 371 2052 cum
394 2009 454 2054 nos
485 2013 590 2079 nuper
624 1992 769 2058 devilia
792 1992 832 2057 de
855 1993 981 2058 Lenum
1013 1994 1214 2059 misissemus
1244 2017 1347 2081 quen-

297 2089 373 2154 dam
388 2112 508 2156 navem
534 2093 637 2178 ipsius
652 2092 744 2170 Adue,
768 2115 841 2178 quae
863 2094 1049 2160 vocabatur
1072 2094 1101 2159 le
1122 2095 1290 2162 Foucoun
1305 2098 1346 2162 de

298 2189 434 2272 Lenum,
468 2215 543 2259 cum
575 2194 775 2260 victualibus
807 2200 842 2259 et
871 2195 945 2260 eliis
968 2197 1075 2274 rebus,
1097 2218 1209 2262 versus
1232 2197 1345 2263 villam
1403 2211 1407 2218 ’

296 2297 442 2357 nostrum
465 2293 506 2358 de
528 2295 694 2360 Berewioo
717 2317 815 2382 super
837 2296 1001 2374 Twedem
1024 2317 1083 2383 pro
1106 2299 1345 2364 sustentatione

296 2391 443 2457 fidelium
475 2400 661 2460 nostrorum
694 2395 731 2461 in
758 2396 940 2463 munitione
972 2397 1071 2462 diotae
1101 2399 1192 2464 villae
1224 2405 1345 2465 nostine

296 2495 575 2576 commorantium,
612 2502 648 2562 et
684 2497 780 2562 nevis
802 2497 868 2574 ille,
899 2520 957 2584 per
978 2495 1216 2584 'tempestatem
1246 2501 1345 2566 metis

244 2627 245 2630 ¹
297 2595 490 2680 periclitato,
506 2602 541 2661 et
562 2598 606 2662 ad
628 2603 750 2664 terram
768 2597 870 2682 juxte
884 2599 1117 2686 Whyteberne,
1142 2601 1229 2666 infre
1243 2603 1346 2668 liber-

296 2701 400 2762 tatem
435 2705 580 2764 vestrum
612 2701 819 2788 episcopatus
842 2700 1085 2783 Dunolmensis,
1109 2705 1238 2789 agitate
1259 2705 1344 2769 exti-

296 2799 400 2880 tisset,
424 2805 459 2865 et
481 2801 636 2887 projecte,
661 2802 875 2888 hominesque
906 2803 1002 2868 nevis
1034 2803 1123 2868 illius
1157 2805 1200 2869 ed
1222 2810 1344 2870 tenum

295 2900 418 2966 ibidem
457 2903 529 2967 vivi
550 2904 728 2980 venissent,
764 2904 899 2989 quidam
936 2902 1089 2969 homines
1119 2905 1161 2970 de
1191 2905 1342 2986 Herton’,

296 3001 476 3088 Wyetowe,
499 3009 533 3068 et
555 3004 780 3090 Whytebern',
804 3006 845 3070 de
867 3005 1021 3070 libertate
1036 3005 1201 3090 predicta,
1223 3029 1343 3072 navem

294 3103 386 3169 illem
407 3103 586 3192 fregerunt,
600 3113 635 3172 et
657 3106 693 3171 in
716 3107 861 3170 minutas
877 3105 986 3191 pecias
1008 3107 1284 3188 comminuerunt,
1309 3115 1344 3175 et

294 3207 389 3270 stilio
419 3207 515 3272 nevis
537 3207 635 3299 iliius,
658 3228 786 3274 necnon
808 3207 875 3272 elie
896 3207 983 3272 bona
998 3214 1033 3273 et
1048 3207 1169 3273 catallo
1190 3209 1343 3294 praedicti

294 3307 384 3389 Adae,
400 3308 443 3374 nd
458 3307 638 3375 valentiam
654 3308 868 3374 ducentorum
883 3308 1052 3387 librarum,
1068 3309 1105 3372 in
1127 3310 1240 3374 eedem
1262 3311 1342 3374 nevi

291 3409 437 3488 invente,
460 3414 618 3496 cepenmt
651 3415 684 3474 et
707 3414 971 3496 asportaverunt,
994 3416 1029 3473 et
1051 3409 1116 3474 elie
1138 3410 1287 3474 enormis
1311 3412 1342 3476 ei

292 3509 487 3592 intuierunt,
522 3511 566 3577 ed
597 3510 754 3575 damnum
786 3511 889 3598 ipsius
912 3510 997 3574 Adee
1020 3530 1088 3573 non
1109 3510 1285 3588 modicum,
1308 3517 1343 3576 et

291 3633 479 3700 gravamen.
524 3613 570 3678 Et
592 3614 672 3698 quie
694 3613 832 3701 praefato
855 3611 939 3676 Adue
958 3611 1125 3697 justitiam
1153 3611 1225 3676 fieri
1248 3611 1342 3677 voiu-

292 3735 366 3779 mus
396 3737 495 3800 super
528 3716 712 3802 praemissis,
744 3715 838 3779 vobis
872 3713 1075 3790 mandamus,
1099 3713 1196 3799 quod,
1226 3713 1342 3779 auditu

292 3817 423 3901 querele
444 3816 595 3902 praedicti
617 3817 710 3895 Adue,
727 3820 760 3882 et
784 3815 908 3882 vocetis
930 3815 1082 3902 partibus
1104 3835 1214 3881 coram
1236 3816 1340 3894 vobis,

292 3917 480 4003 auditisque
515 3939 628 3982 earum
660 3917 851 3994 rationibus,
874 3917 980 3983 eidem
995 3917 1081 3982 Adae
1096 3916 1174 3981 inde
1190 3915 1339 3980 debitum

291 4025 326 4084 et
341 4020 498 4086 festinum
523 4020 594 4084 fieri
609 4019 737 4086 fecistis
747 4017 892 4104 justitiae
908 4017 1196 4104 complementum,
1211 4039 1262 4095 ne,
1277 4039 1337 4104 pro

179 4141 180 4144 ’
293 4123 421 4187 defectu
445 4120 662 4186 exhibitionis
688 4121 840 4208 justitiae,
865 4120 908 4186 nd
930 4141 990 4185 nos
1014 4117 1144 4204 querele
1167 4119 1244 4183 inde
1267 4140 1339 4202 per·

292 4223 406 4289 veniet
448 4223 575 4289 iterate
637 4223 733 4288 Teste
765 4223 898 4309 meipso,
922 4220 1011 4307 opud
1033 4219 1246 4300 Lincolniem,
1269 4217 1337 4286 xv0.

292 4324 347 4416 die
369 4303 548 4401 Februaiii,
570 4345 657 4389 enno
680 4323 774 4411 regni
795 4323 900 4388 nostri
921 4342 1016 4386 nono.

291 4513 373 4564 Breve
395 4529 442 4578 ,πο
471 4527 563 4564 m.
632 4484 823 4561 Edwerdus,
848 4481 911 4546 Dei
932 4480 1050 4568 gretia,
1073 4485 1142 4557 ete,
1157 4480 1486 4588 veneiabffifflzffi',

290 4580 405 4660 toribuso
423 4579 566 4630 tutamenti
590 4587 626 4651 jn
650 4585 784 4655 christo
806 4583 903 4670 patri,
919 4582 1067 4659 memo,
1083 4581 1197 4645 eadem
1220 4581 1336 4666 gratia,
1349 4593 1466 4646 enuopor

290 4644 566 4698 Nicbolndeltllerker.
631 4688 639 4703 .
986 4685 993 4699 ,
1307 4682 1313 4697 ,
1349 4643 1497 4690 Durhsmror

589 4709 737 4776 eplseopo
779 4686 1005 4762 Dunolmensu,
1042 4683 1188 4750 salutem.
1251 4683 1446 4764 Qmamme
