3468 5704
396 789 460 853 688
578 773 774 850 nnorsruuu
797 797 999 849 ramrruuu
1022 797 1262 848 nnumimusn

241 993 299 1038 an.
307 997 364 1040 1³14.
395 986 593 1069 appensione
623 987 752 1052 muniri.
808 987 934 1052 Datum
965 988 1053 1074 apud
1084 988 1247 1074 Rykhele,
1273 982 1356 1070 xxj0.
1389 985 1442 1048 die
1453 999 1498 1042 ru.
1507 997 1587 1052 Erine
1596 1005 1619 1044 ⁴·

395 1085 575 1166 Februarii,
599 1109 686 1153 anno
715 1088 850 1153 Domini
881 1089 1052 1156 millesimo
1082 1086 1157 1155 cec⁰.
1188 1086 1442 1176 quartodecimo,

395 1193 428 1254 et
450 1191 703 1256 consecrationis
726 1196 847 1256 nostrae
870 1197 995 1276 quarto.

271 1361 348 1434 aare
395 1372 546 1423 commissio
575 1375 606 1423 ,d
629 1390 672 1423 au·
750 1342 919 1421 Ricardus‚
951 1343 1163 1426 permissione
1194 1341 1317 1418 divina,
1347 1341 1440 1405 Dun-

226 1421 376 1517 ffiffiiiii
395 1439 671 1504 dudumoompaum.
706 1443 858 1508 olmensis
900 1444 1078 1529 episcopua,
1117 1443 1245 1509 dilectis
1284 1443 1362 1506 filiis
1406 1446 1441 1507 et
1525 1487 1531 1498 ·

224 1525 368 1618 muli&
394 1544 546 1608 fidelibus
568 1545 643 1623 suia,
661 1545 818 1630 magistro
842 1545 865 1610 J
867 1545 990 1609 ohanni
1012 1547 1053 1610 de
1077 1545 1199 1623 Insula,
1216 1545 1304 1629 juris
1333 1543 1440 1608 civilis

225 1622 358 1716 diffisa
394 1646 573 1729 professori,
596 1648 738 1733 dompno
762 1647 803 1710 H.
827 1648 868 1711 de
891 1648 1005 1711 Monte
1027 1648 1116 1724 Alto,
1139 1647 1296 1732 magistro
1319 1645 1441 1730 Hospi-

224 1723 376 1817 ffilffll
393 1747 472 1810 als
495 1749 536 1812 ae
570 1748 705 1834 Kypra,
732 1749 896 1812 wmemo
930 1749 971 1813 a
993 1749 1135 1824 uenum,
1157 1753 1192 1813 a
1222 1748 1370 1813 sotera
1399 1747 1439 1810 se

394 1849 594 1935 Brompton',
629 1850 778 1926 salutem,
809 1851 950 1934 gratiam
990 1857 1025 1914 et
1062 1849 1331 1914 benedictionem.
1385 1849 1440 1912 Ad

392 1951 593 2015 audiendum
627 1956 779 2036 compota
810 1950 921 2016 dilecti
957 1955 991 2015 et
1025 1950 1131 2015 fidelis
1160 1951 1266 2016 nostri
1291 1951 1376 2015 Adae
1398 1951 1439 2014 de

392 2053 530 2137 Boghes,
561 2053 760 2118 vicecomitis
794 2058 828 2117 et
851 2053 1024 2117 escaetoris
1069 2053 1183 2130 nostri,
1219 2053 1260 2116 de
1298 2052 1440 2116 exitibus

392 2153 488 2218 officii
512 2155 563 2218 sui
589 2175 626 2218 ac
649 2155 788 2218 aliorum
819 2154 1043 2218 ministrorum
1075 2159 1260 2218 nostrorum
1286 2174 1438 2237 quorum-

392 2277 527 2340 cunque,
543 2256 600 2341 qui
622 2257 770 2320 nondum
795 2256 835 2319 de
859 2254 971 2321 officiis
993 2255 1061 2319 suis
1085 2261 1119 2320 et
1142 2253 1439 2318 administrationi-

391 2357 453 2420 bus
476 2362 627 2442 compota
649 2358 872 2433 reddiderunt,
890 2357 978 2442 ipsos
1001 2358 1042 2420 de
1065 2357 1205 2441 receptis
1228 2357 1439 2430 onerandum,

392 2459 562 2541 pecuniam
595 2459 631 2521 in
663 2480 728 2542 qua
760 2459 929 2543 continget
964 2480 1026 2535 eos,
1058 2458 1112 2522 vel
1143 2479 1255 2522 eorum
1287 2457 1438 2542 aliquem,

391 2561 486 2623 nobis
508 2563 614 2624 teneri
641 2559 905 2646 [recipiendum],
930 2560 1057 2624 debitas
1091 2559 1301 2625 allocutiones
1332 2565 1365 2624 et
1388 2581 1439 2624 ac·

393 2661 592 2744 quietancias
619 2661 687 2741 ubi,
711 2661 841 2745 quando
872 2666 906 2724 et
938 2661 1066 2744 quibua,
1091 2661 1245 2746 expedire
1276 2661 1439 2738 videritis,

394 2763 589 2841 iaciendum,
614 2784 773 2849 expensas
788 2764 842 2826 vel
864 2762 930 2827 alia
951 2763 1062 2854 minus
1086 2763 1328 2828 rationabiliter
1351 2763 1439 2827 faeta

395 2865 653 2949 improbandum,
687 2871 721 2928 et
750 2887 817 2928 non
851 2863 1065 2942 allocandum,
1096 2885 1134 2929 ae
1168 2865 1278 2927 omnia
1311 2864 1375 2928 alia
1405 2873 1439 2929 et

393 2966 523 3052 singula
546 2967 771 3044 exercendum,
795 2988 868 3050 quae
891 2965 927 3028 in
957 2965 1054 3030 dictis
1076 2966 1236 3051 compotis
1267 2965 1438 3030 audiendis

394 3067 435 3130 de
462 3069 538 3151 jure
569 3069 623 3133 vel
653 3067 889 3132 consuetudine
911 3067 1034 3130 fuerint
1058 3073 1248 3152 opportuna,
1273 3067 1374 3144 vobis,
1398 3069 1438 3132 de

393 3192 532 3254 quorum
556 3169 717 3234 fidelitate
740 3175 774 3233 et
796 3169 960 3232 industria
982 3168 1135 3233 fiduciam
1158 3169 1301 3255 gerimus
1316 3170 1438 3254 plenio-

394 3295 472 3349 rem,
495 3272 602 3336 tribus
629 3276 687 3334 aut
711 3271 838 3334 duobus
869 3275 1025 3347 vestrum,
1049 3292 1129 3355 quos
1162 3277 1338 3356 praesentes
1370 3293 1438 3336 esse

394 3375 576 3460 contigerit,
591 3373 679 3437 vices
702 3377 830 3436 nostras
845 3372 1088 3450 committimus,
1105 3377 1148 3449 et,
1164 3379 1277 3437 tenore
1299 3395 1438 3458 praesen·

392 3478 486 3554 tium,
510 3475 732 3561 impendimus
756 3473 934 3560 plenariam
957 3479 1179 3562 potestatem„
1208 3474 1249 3537 ln
1275 3474 1368 3557 cujus
1391 3475 1439 3538 rei

392 3579 627 3654 testimonium,
658 3577 718 3640 has
751 3575 863 3639 literas
896 3581 1024 3639 nostras
1058 3575 1153 3640 vobis
1175 3576 1247 3639 fieri
1270 3582 1304 3640 et
1333 3577 1438 3641 nostri

392 3678 492 3762 sigilli
522 3677 658 3742 fecimus
688 3677 886 3761 appensione
909 3678 1040 3742 muniri.
1084 3678 1210 3741 Datum
1233 3679 1322 3761 apud
1345 3679 1439 3762 Ryk·

392 3779 474 3854 hale,
496 3776 579 3863 xxj0.
604 3778 656 3842 die
679 3777 859 3854 Februarii,
881 3800 968 3842 anno
1000 3777 1136 3843 Domini
1158 3775 1282 3844 M⁰.cec⁰.
1306 3787 1438 3863 quarto·

391 3881 526 3959 decimo,
550 3887 583 3945 et
617 3879 869 3944 consecrationis
891 3886 1013 3945 nostrae
1036 3887 1161 3964 quarto.

223 4042 371 4145 ppptffim
387 4076 475 4126 Litora
486 4075 561 4125 missa
573 4072 652 4124 uehi·
733 4028 920 4093 Venerabili
951 4029 987 4092 in
1017 4029 1150 4094 Christo
1180 4029 1276 4115 patri,
1306 4030 1438 4095 domino

223 4143 359 4186 ornanum
391 4143 516 4207 episeopo,
534 4156 578 4203 pro
600 4153 652 4189 rec·
686 4131 860 4208 Willelmo,
883 4130 946 4194 Dei
975 4132 1092 4217 gratia,
1115 4131 1313 4197 Eboracensi
1335 4132 1439 4197 archi-

223 4193 380 4337 bffiffi
391 4219 446 4258 ¹⁰‘⁰
457 4211 488 4258 de
502 4208 622 4257 meldon'.
687 4235 845 4319 episcopo,
857 4232 988 4318 Angliae
1004 4232 1148 4318 primati,
1159 4233 1326 4310 Ricardus,
1343 4235 1438 4318 Ejus-

223 4343 379 4436 ffilghffiffhe
392 4344 465 4407 dem
488 4339 708 4427 permissione,
730 4334 962 4400 Dunolmenais
989 4334 1167 4420 episcopus,
1190 4335 1338 4415 salutem,
1362 4337 1437 4400 obe-

223 4442 323 4486 Μθὶᾱῦῃ·
392 4444 560 4519 dientiam,
575 4439 794 4505 reverentiam
812 4443 846 4501 et
860 4437 1026 4501 honorem.
1074 4437 1136 4501 Per
1150 4437 1306 4502 dilectum
1323 4439 1438 4516 filium,

392 4544 560 4609 dominum
583 4543 768 4607 Galfridum
792 4539 832 4604 de
855 4539 1036 4618 Edenham,
1051 4545 1208 4604 rectorem
1232 4541 1375 4605 ecelesiae
1399 4541 1439 4604 de
1592 4621 1594 4624 .

698 4701 938 4708 --—--—-v--.-—-
955 4700 1040 4706 —--
1056 4701 1133 4706 ---.
1146 4702 1151 4707 .
1178 4701 1249 4708 ---η
1274 4704 1390 4710 .-,.-..-

713 4771 719 4801 ¹
738 4769 880 4832 Quaternos
891 4769 1123 4832 quartusdecimus.
