3566 5712
444 827 509 890 804
621 839 820 890 auorsrnuu
842 839 1045 892 rannrmuu
1067 841 1308 894 ommrtunrrsa

293 1019 347 1066 Α-ῡ-
354 1023 412 1066 1³1⁶·
442 1005 733 1099 pronuntiavimus
750 1013 886 1098 justitia
907 1015 1068 1102 exigente,
1082 1035 1181 1102 poena
1202 1016 1298 1082 nobis
1313 1021 1488 1102 reservata,
1502 1049 1658 1103 Annam

443 1114 541 1180 dictis
574 1115 832 1194 contumacibus,
856 1122 956 1203 prout
978 1118 1076 1205 culpa
1097 1119 1303 1204 singulorum
1334 1123 1490 1208 exegerit,

415 1303 419 1311 .
443 1217 597 1284 canonice
619 1217 823 1304 infligenda:
846 1219 1059 1286 decernentes
1080 1219 1296 1288 nibilominus
1327 1229 1397 1290 tam
1424 1225 1490 1289 dic·

442 1326 494 1386 tos
536 1342 604 1387 non
637 1325 873 1408 comparentes,
910 1343 1009 1408 quam
1061 1345 1175 1390 omnes
1218 1325 1299 1390 alios
1336 1326 1491 1412 primitus

445 1428 607 1500 evocatos,
629 1425 728 1490 certis
757 1447 799 1490 ex
834 1426 951 1506 causis,
974 1426 1119 1492 maxime
1150 1448 1224 1492 cum
1257 1428 1428 1514 negotium
1451 1430 1492 1494 de

444 1546 510 1611 quo
539 1527 651 1613 agitur
673 1531 743 1591 tam
777 1549 845 1593 non
877 1533 1104 1615 comparentes
1133 1551 1233 1615 quam
1267 1537 1492 1617 comparentes

443 1634 578 1714 tangere
613 1629 812 1713 dinoscatur,
850 1632 1063 1718 omniumque
1092 1632 1226 1698 consilio
1260 1638 1295 1698 et
1332 1633 1492 1720 approba-

444 1731 534 1795 tione
565 1753 647 1819 opus
671 1733 743 1811 erit,
768 1734 804 1796 in
827 1733 939 1812 forma,
963 1755 1029 1820 qua
1050 1735 1151 1821 prius,
1174 1733 1294 1800 iterato
1316 1736 1491 1822 praemuni-

445 1834 546 1899 andos
568 1835 647 1914 fore,
670 1841 706 1900 et
730 1837 888 1914 citandos,
912 1837 1231 1926 quod'compareant
1256 1859 1364 1904 coram
1387 1839 1491 1916 nobis,

443 1938 513 2002 loco
547 1959 613 2023 quo
647 1941 747 2025 prius,
778 1940 821 2004 ad
853 1939 941 2004 diem
973 1941 1077 2005 Lunae
1110 1941 1146 2004 in
1186 1940 1329 2006 crastino
1360 1941 1491 2007 Sanctae

442 2039 618 2112 Trinitatis
647 2031 805 2127 proximo
829 2041 960 2119 futmae,
988 2041 1108 2107 facturi
1131 2045 1166 2108 et
1192 2045 1365 2130 recepturi,
1389 2044 1491 2131 juxta

441 2143 589 2228 priorum
628 2144 867 2211 continentiam
907 2143 1087 2220 literarum,
1117 2144 1206 2229 quod
1244 2144 1286 2208 de
1324 2147 1490 2211 communi

441 2245 576 2310 consilio
592 2246 739 2312 omnium
755 2245 924 2312 videbitur
939 2245 1114 2332 expedire:
1137 2251 1251 2311 tenore
1268 2248 1486 2332 praesentium,

442 2348 528 2414 sicut
543 2350 643 2436 prius,
658 2350 877 2438 peremptorie
893 2369 952 2414 vos
967 2348 1117 2425 citamus,
1133 2352 1176 2424 et,
1190 2371 1250 2434 per
1264 2369 1331 2426 vos,
1348 2351 1488 2435 priorem

441 2451 584 2518 ecclesiae
621 2456 741 2518 vestrae
778 2449 1022 2530 Dunolrnensis,
1054 2456 1089 2516 et
1118 2450 1302 2537 capitulum
1332 2451 1485 2536 ejusdem,

440 2575 568 2620 necnon
604 2556 774 2620 universos
807 2607 813 2620 .
846 2607 852 2618 .
886 2607 892 2620 .
928 2554 1074 2634 abbates,
1100 2551 1315 2639 ...priores
1352 2553 1489 2619 abbates

441 2657 589 2742 proprios
613 2678 680 2722 non
703 2656 872 2735 habentes,
888 2661 1058 2742 exemptos
1077 2659 1112 2720 et
1126 2677 1193 2721 non
1207 2660 1387 2741 exemptos,
1402 2657 1489 2742 ipso·

440 2780 578 2846 rumque
617 2764 808 2838 conventus,
833 2813 839 2824 .
863 2811 869 2823 .
894 2811 900 2823 .
924 2758 1169 2824 archidiaconos
1205 2763 1326 2824 vestrae
1362 2759 1488 2825 Dunol·

442 2863 566 2926 mensis
580 2860 732 2944 ecclesiae,
748 2883 805 2927 seu
821 2849 966 2948 ipsorum
982 2861 1286 2928 archidiaconorum
1302 2861 1488 2928 absentium

439 2966 588 3044 vicarios,
605 2965 744 3031 decanos
759 2965 870 3042 etiam,
886 2969 920 3030 et
942 2966 1143 3053 prepositos,
1158 2965 1368 3031 ecclesiarum
1392 2965 1486 3030 colle-

413 3069 611 3156 glebarum,
635 3088 761 3133 necnon
787 3067 934 3153 capitula
962 3068 1042 3154 ipsa,
1068 3073 1240 3152 totumque
1263 3067 1385 3132 clerum
1415 3089 1487 3132 ves-

439 3175 564 3236 trarum
581 3169 729 3236 civitatis
744 3172 780 3234 et
795 3169 953 3247 dioecesis
971 3169 1188 3256 peremptorie
1204 3169 1299 3233 citari
1315 3169 1487 3250 volumus3
1556 3200 1561 3207 ·

439 3277 474 3339 et
489 3273 684 3338 mandamus
700 3270 789 3358 quod
804 3293 872 3348 vos,
887 3271 1020 3336 domine
1035 3270 1192 3356 episcope,
1217 3323 1223 3334 .
1248 3319 1254 3334 .
1279 3269 1422 3348 abbates,
1447 3323 1453 3336 .
1477 3323 1484 3338 .

439 3376 571 3462 priores,
589 3373 712 3455 decani,
729 3372 959 3453 archidiaconi,
983 3359 1041 3439 eeu
1065 3393 1178 3438 eorum
1200 3372 1316 3436 vicarii
1342 3377 1378 3438 et
1403 3395 1486 3460 pree·

438 3479 547 3563 positi,
564 3476 786 3564 personaliter,
797 3479 980 3541 conventus
989 3495 1076 3552 vero,
1089 3478 1124 3538 et
1138 3472 1285 3558 capitula
1299 3495 1337 3538 ac
1352 3474 1487 3561 collegia

440 3579 577 3664 singula,
593 3600 652 3664 per
673 3581 900 3664 procuratores
923 3576 1079 3663 singulos,
1101 3575 1272 3660 clerusque
1299 3581 1485 3642 vestrarum

439 3679 587 3744 civitatis
614 3683 648 3743 et
663 3678 822 3756 dioecesis,
845 3699 903 3764 per
926 3677 1009 3743 duos
1033 3681 1269 3764 procuratores,
1294 3676 1427 3742 idoneos
1451 3684 1486 3744 et

439 3780 637 3846 sufficienter
659 3781 837 3846 instructos
860 3801 897 3844 ac
919 3781 1050 3866 plenam
1074 3785 1109 3844 et
1139 3778 1354 3845 sufficientem
1377 3787 1485 3866 potes·

439 3889 544 3950 tatem
560 3882 602 3947 ab
631 3881 711 3969 ipsis
738 3881 968 3960 conventibus,
993 3881 1129 3967 collegio
1145 3903 1183 3946 ac
1208 3880 1303 3958 clero,
1318 3882 1486 3964 habentes,

437 3987 474 4052 in
489 3985 612 4071 majore
636 3982 770 4049 ecclesia
786 3981 992 4061 Eboracensi,
1009 3983 1045 4047 in
1067 3983 1211 4048 crastino
1227 3983 1360 4050 Sanctae
1375 3985 1484 4049 Trini-

437 4089 517 4154 tatis
532 4086 681 4175 proximo
700 4086 771 4171 jam
786 4089 950 4162 venturos,
974 4085 1190 4171 compareatis
1215 4089 1250 4150 et
1264 4093 1483 4173 compareant,

438 4211 546 4256 coram
572 4187 677 4268 nobis,
701 4186 745 4251 ad
768 4187 977 4253 tractandum
999 4187 1035 4251 in
1062 4186 1153 4253 dicta
1167 4189 1403 4254 convocatione
1425 4212 1483 4256 no-

437 4291 572 4378 biscum,
587 4295 622 4356 ct
644 4289 771 4356 caeteris
783 4289 1051 4376 procuratoribus
1073 4288 1150 4355 cleri
1167 4289 1383 4357 Eboracensis
1404 4294 1485 4359 civi·

437 4394 530 4470 tatis,
553 4391 703 4459 dioecesis
733 4394 768 4455 et
801 4390 988 4477 provinciae,
1011 4411 1109 4478 super
1140 4397 1319 4458 memorato
1340 4395 1484 4484 subsidio

437 4494 651 4574 concedendo,
674 4515 712 4560 ac
734 4493 776 4558 ad
798 4491 986 4560 faciendum
1016 4493 1155 4559 ulterius
1185 4515 1283 4582 super
1307 4493 1372 4571 illo,
1395 4497 1484 4581 quod

369 4637 377 4653 ·
436 4596 601 4662 communi
636 4595 806 4661 videbitur
843 4595 969 4680 judicio
1011 4595 1215 4662 faciendum:
1248 4596 1484 4664 denunciantes

439 4696 591 4763 omnibns
629 4702 662 4771 et
701 4696 849 4784 singulis,
883 4697 973 4783 quod
1006 4702 1121 4764 contra
1151 4719 1218 4763 non
1258 4705 1484 4786 comparentes

437 4797 592 4885 singulos,
606 4803 705 4883 prout
726 4799 869 4884 ipsorum
893 4800 1093 4884 protervitas
1115 4801 1271 4886 exegerit,
1288 4801 1394 4867 artius
1409 4823 1483 4888 pro-
