3538 5712
478 821 678 870 sncrsrsuu
701 821 903 872 rsmmuuu
925 823 1169 874 ouusmrnusn.
1264 813 1350 876 1139

124 1005 432 1074 suessionensi
465 1006 612 1073 vidimus
646 1029 714 1073 esse
746 1009 981 1089 confirmatum,
1005 1032 1046 1076 ex
1081 1017 1170 1077 certa
1201 1013 1349 1092 scientis,
1381 1027 1502 1076 suun.

295 1108 495 1174 ratificamus
527 1115 562 1176 et
592 1110 822 1176 confirmemus
844 1134 902 1199 per
933 1117 1129 1200 praesentem
1159 1115 1207 1179 ita
1229 1120 1350 1194 temen,

296 1211 383 1297 quod
420 1211 603 1293 canonicus,
626 1217 802 1299 perpetuus
835 1214 979 1280 vicarius
1011 1216 1152 1282 ecclesiae
1183 1217 1354 1303 praedictae

295 1333 403 1377 seeum
424 1313 547 1380 habeat
568 1315 669 1379 ulium
686 1316 886 1395 canonicum,
902 1321 1002 1403 prout
1024 1318 1190 1397 convenit,
1208 1341 1349 1385 commo-

294 1420 431 1496 rentem,
464 1417 521 1502 qui
559 1417 599 1480 de
630 1416 791 1482 fructibus
823 1424 858 1484 et
895 1419 1150 1486 obventionibus
1180 1422 1348 1507 praedictae

240 1509 242 1512 ’
294 1515 435 1582 ecclesiee
458 1516 670 1583 sufficientem
687 1517 816 1596 habeat,
832 1525 872 1584 ut
894 1519 1118 1606 praemittitur,
1142 1521 1326 1608 portionem
1338 1547 1347 1603 ;

293 1623 327 1684 et
359 1619 463 1698 nobis,
486 1620 670 1706 nostrisque
696 1621 942 1702 successoribus,
964 1622 1004 1687 de
1033 1622 1263 1708 spiritualibus
1295 1645 1346 1689 re-

293 1720 483 1806 spondeant,
505 1741 543 1787 ac
572 1721 652 1808 ipsis
683 1722 785 1808 priori
817 1728 851 1788 et
881 1723 1070 1802 conventui,
1093 1723 1151 1808 qui
1180 1745 1240 1811 pro
1263 1728 1346 1788 tem-

292 1843 369 1908 pore
390 1822 522 1904 fuerint,
539 1823 576 1888 in
598 1823 671 1902 hiis,
687 1846 762 1910 quae
784 1823 1017 1915 professionem
1040 1823 1223 1911 regularem
1247 1825 1345 1891 disci·

290 1923 424 2010 plinern,
447 1930 481 1990 et
504 1924 629 1990 ordinis
651 1926 903 2005 observantiam,
926 1927 1132 2012 contingunt,
1155 1932 1345 1992 reverenter

292 2026 429 2106 subsint,
452 2027 609 2092 obediunt
631 2032 666 2092 et
687 2028 886 2109 intendant;
908 2028 1104 2094 auctoritate
1125 2033 1239 2093 nostra
1261 2028 1344 2094 dice·

290 2149 414 2206 cesana,
433 2130 508 2214 jure
531 2130 642 2206 etiam,
667 2134 701 2194 et
722 2130 895 2216 dignitate,
918 2130 1060 2196 eeclesiae
1081 2133 1203 2195 nostrae
1219 2130 1344 2195 Dunel·

290 2231 419 2309 mensis,
442 2253 501 2316 per
522 2231 632 2296 omnia
663 2251 791 2318 semper
821 2231 929 2296 salvis.
976 2232 1018 2295 In
1047 2231 1141 2316 cujus
1170 2232 1219 2296 rei
1249 2234 1344 2299 testi-

290 2333 447 2411 monium,
470 2331 617 2417 sigillum
645 2337 796 2396 nostrum
825 2332 1043 2418 praesentibus
1073 2337 1124 2396 est
1153 2354 1344 2420 appensum.

291 2434 415 2500 Datum
438 2434 526 2522 apud
551 2433 703 2512 Stekton,
726 2430 798 2520 vij⁰.
822 2433 876 2498 die
899 2433 1020 2498 mensis
1041 2433 1241 2514 Decembris,
1256 2457 1344 2502 anno

289 2535 427 2602 Domini
448 2536 620 2602 millesimo
642 2532 717 2603 cec⁰.
742 2535 924 2616 undecimo,
947 2537 982 2600 et
1003 2535 1216 2622 pontificatus
1238 2538 1343 2603 nostri

290 2659 404 2726 pnmo.

290 2875 369 2929 cm
379 2875 470 2940 primu
484 2877 556 2927 Dm.
635 2838 797 2905 Omnibus
833 2838 920 2904 hsno
960 2841 1084 2904 curtam
1125 2837 1248 2902 visuris
1288 2838 1342 2903 vel
1355 2851 1484 2903 οιιιιιιοι

290 2942 415 2994 dmm·
588 2941 759 3018 audituris,
789 2939 959 3018 Ricardus,
981 2939 1193 3026 permissione
1218 2905 1384 3048 divine:
1354 2918 1428 3001 ulus
1404 2907 1499 3010 ΜΒΙῙμδ

1354 3007 1465 3051 ιιιᾱιοοιι
1465 3011 1507 3053 ent

288 3042 522 3110 Dunolmensis
553 3044 731 3130 episcopus,
764 3042 947 3107 sulutem'
937 3063 973 3105 ιιι
1006 3041 1157 3106 Domino.
1214 3042 1343 3106 Adver-
1328 3056 1492 3152 -orplurhp'n

288 3149 396 3210 tentes
418 3145 560 3230 jacturas
582 3151 617 3211 et
642 3144 823 3231 dispendia,
845 3165 927 3229 quae,
944 3143 986 3208 ob
1008 3143 1199 3208 suscitatam
1222 3144 1342 3209 discor-
1354 3161 1432 3248 mre,
1440 3157 1498 3201 vsu

1353 3188 1502 3252 mosbour

288 3247 452 3312 diumt
389 3252 452 3320 rnt
454 3270 488 3312 er
503 3247 637 3333 inclytae
659 3245 754 3311 bonae
769 3244 934 3310 memoriae
955 3243 1124 3310 dominum
1147 3244 1331 3310 Antonium
1333 3255 1500 3355 ’wfffflff

288 3348 546 3415 Dunolmensem
578 3347 775 3434 episcopum,
805 3345 1075 3431 praedecessorem
1112 3351 1271 3424 nostrum,
1309 3352 1496 3458 elffiffl

289 3451 425 3518 dilectos
447 3451 532 3516 filios
561 3455 697 3526 nostros,
720 3447 861 3534 priorem
892 3452 927 3512 et
956 3451 1156 3514 conventum
1186 3447 1341 3531 ejusdem,

287 3553 397 3639 ipsum
434 3551 670 3618 monasterium
701 3549 860 3614 sustinuit
893 3553 928 3613 et
958 3548 1106 3624 incurrit,
1138 3569 1265 3613 necnon
1299 3549 1342 3614 ob

288 3657 459 3742 specialem
484 3652 693 3718 devotionem
725 3672 824 3736 quam
855 3649 898 3714 ad
927 3649 1105 3736 gloriosum
1128 3649 1341 3714 confessorem

290 3757 522 3836 Outhbertum,
544 3759 720 3841 patronum
753 3755 914 3828 nostrum,
940 3749 1032 3835 cujus
1063 3749 1228 3836 obsequiis
1258 3772 1342 3836 prse-

289 3860 370 3926 dicti
392 3859 453 3923 filii
475 3857 580 3924 nostri
602 3860 680 3920 sunt
695 3855 801 3920 indies
822 3853 936 3931 dediti,
950 3853 1094 3940 gerimus
1117 3857 1152 3918 et
1173 3853 1341 3933 hebenum,

288 3962 433 4039 excitati,
456 3959 616 4038 dedimus,
637 3957 862 4034 concessimus,
885 3959 920 4021 et
941 3955 1095 4041 praesenti
1118 3960 1209 4020 carta
1229 3961 1343 4020 nostru

288 4064 563 4141 confirmavimus,
585 4060 760 4138 Willelmo,
785 4058 894 4145 priori,
921 4063 956 4123 et
984 4057 1163 4124 conventui
1195 4057 1342 4143 praefatae

288 4167 439 4249 ecelesiae,
463 4171 633 4232 eteorum
656 4160 902 4237 suecessoribus,
922 4157 1046 4224 ibidem
1069 4158 1141 4224 Deo
1163 4163 1198 4224 et
1221 4159 1342 4224 Sancto

289 4269 474 4338 Outhberto
496 4265 663 4355 perpetuis
693 4261 897 4349 temporibus
925 4259 1109 4338 servituris,
1137 4265 1244 4325 totum
1270 4282 1343 4326 ves·

288 4377 361 4438 tum
376 4377 534 4450 nostrum,
551 4391 624 4434 cum
640 4368 737 4432 bosco
759 4363 848 4451 quod
869 4367 1007 4428 vocatur
1029 4369 1045 4396 “
1058 4361 1344 4448 Wsstropheved”

287 4475 324 4540 in
347 4474 428 4540 villa
450 4474 491 4538 de
514 4468 749 4555 Wolsinghsm,
780 4486 853 4530 oum
883 4463 988 4529 libero
1019 4463 1158 4528 introitu
1189 4468 1224 4528 et
1249 4463 1344 4528 exitu

287 4577 331 4643 ad
353 4576 459 4650 idem;
488 4574 574 4640 siout
596 4569 784 4638 continetur
815 4566 903 4631 infra
932 4565 1055 4630 divisas
1079 4565 1279 4650 subscriptas
1292 4591 1343 4628 :—

286 4677 450 4755 videlicet,
471 4676 514 4742 ab
548 4672 669 4762 angulo
698 4669 836 4737 australi
865 4668 954 4755 parci
984 4668 1089 4732 nostri
1112 4666 1152 4731 de
1179 4666 1343 4754 Wsstrop’

1104 4770 1209 4833 oct
