3562 5710
505 827 704 880 aumsruou
728 825 932 877 mammon
956 826 1199 876 onanaueusn
1291 814 1377 878 1069

156 1026 421 1098 manucasoopo
443 1010 667 1090 Dunolmensi,
689 1011 837 1078 salutem
893 1010 979 1078 Oum
1008 1012 1160 1078 dominus
1187 1011 1379 1090 Edwardus,
1409 1033 1532 1080 anius

326 1112 492 1198 quondam
514 1135 573 1179 rex
601 1113 742 1199 Angliae,
772 1117 868 1198 pater
894 1117 1016 1190 noster,
1043 1118 1221 1200 postquam
1243 1113 1380 1178 libertas

326 1215 530 1301 episcopatus
561 1213 801 1292 Dunolmensis,
834 1218 982 1300 tempore
1004 1214 1144 1282 Antonii
1174 1235 1281 1301 nuper
1312 1215 1380 1300 epi-

326 1316 416 1402 scopi
446 1314 509 1382 loci
539 1314 637 1394 illiue,
659 1314 904 1401 praedecessoris
936 1315 1048 1392 vestri,
1072 1317 1169 1381 certis
1201 1317 1242 1381 dc
1273 1315 1382 1382 causis

325 1422 423 1504 capta
443 1417 509 1482 fuit
538 1417 574 1483 in
604 1436 738 1481 manum
773 1415 877 1502 ipsius
908 1417 1012 1503 patris
1045 1418 1159 1494 nostri,
1181 1417 1224 1482 ad
1257 1423 1379 1483 sectam

325 1517 493 1605 Radulphi
515 1517 577 1584 filii
598 1516 767 1595 Willelmi,
782 1517 845 1582 sibi
869 1518 1082 1604 suggerentis,
1105 1523 1185 1584 nota
1208 1518 1379 1603 cujusdam

324 1619 401 1684 finis
423 1620 459 1684 in
490 1620 581 1686 ouria
612 1618 763 1706 praedicti
794 1617 1038 1706 praedecessoris
1060 1619 1174 1697 vestri,
1195 1625 1274 1684 ante
1303 1637 1379 1704 oap-

325 1720 450 1787 tionem
472 1721 573 1802 illam,
602 1721 691 1786 inter
724 1721 833 1807 ipsum
865 1719 1078 1806 Radulphum
1108 1726 1142 1787 et
1175 1719 1378 1786 Willelmum

326 1821 439 1908 Sayer,
461 1825 495 1889 et
518 1821 751 1910 Margaretam,
778 1843 915 1888 uxorem
938 1821 1018 1907 ejus,
1049 1822 1090 1888 de
1112 1821 1254 1909 triginta
1276 1822 1376 1887 libra·

325 1924 370 1989 tis
415 1923 572 2004 redditus,
618 1929 653 1990 et
694 1922 827 1990 redditu
872 1923 1091 2010 quadraginta
1135 1924 1375 2010 quarteriorum

325 2024 493 2104 frumenti,
516 2031 550 2090 et
579 2025 799 2113 quadraginta
830 2025 1072 2111 quarteriorum
1102 2023 1226 2105 hordei,
1259 2031 1293 2090 et
1326 2025 1376 2088 vi-

325 2128 413 2214 ginti
446 2127 686 2213 quarteriorum
722 2147 846 2204 avenae,
879 2147 953 2192 oum
985 2126 1204 2212 pertinentiis,
1242 2126 1279 2192 in
1308 2147 1378 2192 ma-

326 2229 418 2294 nerio
440 2229 482 2293 de
512 2228 680 2307 Brareton,
710 2228 858 2294 levatum
892 2227 1000 2306 uisse,
1034 2231 1069 2292 et
1100 2249 1159 2314 per
1195 2229 1379 2314 captionem

327 2330 518 2416 praediotam
554 2329 802 2416 ingrossendam
834 2329 1047 2405 remansisse;
1088 2333 1123 2394 et
1159 2329 1261 2393 etiem
1293 2329 1380 2396 inter

327 2432 434 2518 ipsum
458 2430 670 2518 Radulphum
686 2436 722 2496 et
736 2429 920 2496 Galiridum
936 2430 977 2496 de
998 2429 1193 2516 Hertrepol',
1213 2437 1379 2496 tenentem

327 2531 466 2598 manerii
495 2531 653 2618 predicti,
684 2531 851 2618 quandam
881 2531 1043 2616 loquelam
1074 2532 1115 2596 de
1137 2537 1381 2598 attornamento

328 2634 477 2699 redditus
514 2632 674 2720 praedicti,
706 2634 742 2698 in
775 2633 889 2698 eadem
921 2632 1020 2714 ouria,
1044 2632 1218 2713 habuisse;
1257 2633 1379 2700 dictam

327 2741 442 2801 notam
464 2738 498 2800 et
520 2735 699 2812 recordum,
725 2738 760 2800 ct
781 2753 968 2820 processum
991 2733 1129 2820 loquelae
1151 2734 1248 2812 illius,
1270 2756 1380 2801 coram

327 2834 472 2901 Henrico
495 2833 537 2901 de
560 2833 759 2915 Guldeford',
783 2839 818 2900 et
848 2834 943 2902 sociis
966 2835 1033 2900 suis
1058 2835 1253 2921 justiciariis
1278 2836 1382 2923 ipsius

326 2936 431 3024 patris
467 2935 597 3002 nostri1
635 2937 670 3001 iu
708 2935 862 3002 libertate
896 2936 1060 3023 predicta,
1097 2937 1176 3002 dum
1210 2937 1246 3002 in
1280 2959 1381 3002 manu

327 3059 387 3103 sua
411 3039 528 3104 extitit
561 3058 621 3124 per
649 3038 835 3125 captionem
866 3036 1067 3104 antedictam
1097 3038 1211 3104 venire
1242 3039 1380 3119 fecisset,

327 3138 370 3204 ad
408 3144 521 3205 notam
554 3139 646 3205 illam
682 3139 940 3225 ingrossandam‚
974 3143 1008 3204 et
1040 3138 1210 3223 justiciam
1242 3139 1381 3206 ulterius

326 3239 517 3307 faciendam.
563 3240 609 3305 Et
639 3261 707 3319 noa,
739 3261 798 3326 pro
820 3262 859 3307 eo
881 3241 970 3326 quod
992 3240 1101 3307 dictus
1135 3246 1229 3328 pater
1261 3249 1381 3322 noster,

326 3341 490 3428 pendente
513 3361 620 3406 coram
647 3339 761 3406 eodem
784 3339 938 3421 Henrico,
963 3347 998 3406 et
1019 3341 1115 3406 sociis
1144 3341 1222 3421 suis,
1249 3343 1382 3429 negotio

326 3447 514 3520 memorato,
537 3440 629 3520 obiit,
661 3445 697 3506 et
729 3441 765 3505 in
794 3440 980 3506 redditione
1011 3441 1176 3508 libertatis
1207 3443 1381 3529 praedictae,

327 3565 436 3630 quam,
459 3547 534 3630 post
554 3546 693 3607 mortem
709 3540 813 3628 ipsius
839 3542 943 3628 patris
966 3543 1079 3621 nostri,
1096 3542 1234 3629 praefato
1256 3543 1383 3630 praede-

327 3645 445 3712 cessori
467 3647 579 3709 vestro
601 3641 744 3720 fecirnus,
768 3642 809 3707 de
832 3643 941 3729 gratia
970 3648 1083 3709 nostra
1104 3643 1245 3729 speciali,
1271 3645 1381 3730 cogni-

328 3747 453 3812 tionem
476 3743 602 3831 negotii
616 3742 775 3829 praedicti,
790 3765 857 3808 una
879 3765 953 3809 cum
968 3745 1156 3831 cognitione
1175 3747 1381 3832 quorundam

329 3848 467 3912 aliorum
492 3844 696 3932 placitorum,
711 3843 748 3908 in
769 3845 874 3910 literis
898 3845 939 3911 de
961 3846 1145 3912 redditione
1166 3847 1226 3912 illa
1247 3855 1381 3914 conten-

329 3953 448 4026 torum,
463 3947 558 4012 nobis
579 3946 826 4024 reservavimus,
849 3951 959 4012 totum
974 3949 1144 4034 negotium
1167 3948 1251 4015 illud
1272 3971 1380 4018 coram
1441 4011 1447 4024 ,

329 4049 426 4115 nobis
464 4069 522 4136 per
556 4047 654 4114 breve
685 4052 847 4114 nostrum.
869 4048 912 4113 ad
943 4053 1066 4114 sectam
1098 4050 1179 4115 dicti
1213 4051 1382 4138 Radulphi

331 4152 443 4217 venire
465 4147 646 4227 fecerimus,
669 4152 711 4226 ct,
734 4149 866 4236 negotio
882 4149 939 4215 illo
961 4150 1226 4230 indeterminato,
1241 4157 1310 4218 tam
1332 4175 1382 4220 re·

330 4251 463 4319 cordum
487 4257 522 4316 et
543 4269 725 4336 processum
750 4250 837 4330 inde,
860 4270 934 4336 quae
964 4271 1072 4317 coram
1094 4252 1190 4319 nobis
1212 4261 1384 4336 venerunt,

331 4375 430 4440 quam
453 4373 493 4417 ea
514 4371 588 4437 quae
610 4370 719 4416 coram
741 4349 837 4415 nobis
859 4373 957 4438 super
978 4351 1040 4418 hoc
1061 4353 1149 4420 inter
1170 4361 1279 4440 partes
1300 4378 1383 4443 prae·

331 4454 437 4520 dictas
451 4451 568 4519 habita
589 4451 735 4533 fuerunt,
758 4452 802 4517 ad
823 4453 1085 4538 procurationem
1107 4455 1238 4542 praefati
1261 4455 1385 4524 Radul-

590 4651 595 4658 ¹
692 4680 1024 4752 mequosuisinus.
