3538 5712
385 809 472 872 1144
563 823 764 874 nnersrauu
786 821 990 874 rmnrrrsuu
1013 824 1255 876 nuuanumsu.

227 1029 284 1076 au.
296 1035 353 1078 1³11.
384 1007 471 1091 licet,
502 1009 677 1075 dimidium
707 1009 910 1096 quarterium
940 1031 1056 1076 avenae
1082 1033 1142 1096 pro
1171 1011 1349 1096 praebenda
1377 1033 1436 1097 per
1447 1029 1493 1073 an.
1501 1029 1614 1082 asser.

383 1109 466 1175 duos
500 1111 580 1190 dies,
603 1116 642 1176 ut
674 1111 869 1198 praedictum
899 1116 959 1190 est,
981 1116 1016 1176 et
1044 1112 1273 1178 liberationem
1297 1111 1377 1190 vini,
1400 1115 1435 1176 et

383 1212 530 1278 cervisiae
569 1219 603 1278 et
640 1213 792 1280 candelas.
852 1215 898 1279 Et
933 1214 971 1277 in
1005 1215 1246 1298 praemissorum
1288 1213 1435 1278 omnium

383 1313 619 1393 testimonium,
653 1314 739 1400 parti
775 1313 875 1401 hujus
913 1315 1027 1402 scripti
1060 1315 1304 1400 chirographati
1335 1335 1435 1400 penes

383 1413 508 1481 dictum
540 1416 710 1481 dominum
743 1417 925 1482 Robertum
955 1418 1147 1494 remanenti,
1177 1416 1322 1500 sigillum
1353 1416 1434 1480 dicti

384 1517 509 1582 domini
532 1518 683 1604 episcopi,
707 1523 742 1583 et
763 1518 908 1604 sigillum
938 1539 1109 1584 commune
1139 1518 1278 1604 capituli
1308 1517 1434 1582 Dunel-

387 1620 508 1684 mensis
543 1625 622 1684 sunt
655 1619 814 1707 apposita,
857 1627 892 1686 et
931 1620 1029 1685 alteri
1066 1621 1155 1706 parti
1189 1620 1289 1705 hujus
1320 1617 1433 1703 scripti

384 1742 482 1806 penes
506 1721 632 1786 dictum
660 1721 830 1787 dominum
862 1723 1050 1808 episcopum
1072 1723 1265 1799 remanenti,
1289 1720 1433 1806 sigillum

385 1823 466 1888 dicti
489 1823 616 1892 domini
639 1823 784 1902 Roberti,
801 1828 835 1888 et
858 1824 966 1911 sigilla
987 1824 1194 1889 dominorum
1217 1822 1375 1887 Willelmi
1392 1821 1432 1885 de

383 1923 490 1990 Dacre
513 1929 547 1989 et
569 1925 735 1990 dohannis
765 1925 806 1990 de
839 1924 963 2002 Insula,
987 1925 1141 2003 militum,
1178 1930 1257 1989 sunt
1278 1944 1431 2010 appensa.

384 2026 510 2091 Datum
545 2025 599 2092 die
622 2026 761 2092 Sabbati
794 2026 831 2089 in
865 2025 952 2092 festo
987 2025 1119 2091 Natalis
1162 2024 1305 2101 Domini,
1344 2023 1432 2110 apud

385 2127 599 2206 Dunelmum,
622 2148 710 2194 anno
740 2127 876 2192 Domini
910 2126 1084 2192 millesimo
1117 2126 1348 2192 trecentesimo
1369 2145 1433 2188 un-

383 2228 516 2295 decime.

384 2463 462 2514 cm,
477 2460 566 2526 pm„
656 2421 829 2488 Universis
874 2421 1000 2488 Christi
1050 2421 1202 2486 fidelibus
1254 2423 1432 2505 praesentes

213 2569 227 2600 0
267 2569 296 2600 ur
314 2573 352 2604 am
383 2531 415 2580 (¹⁰
432 2529 565 2594 nynkhale
610 2523 722 2588 literas
765 2524 971 2610 inspecturis,
1011 2521 1178 2598 Ricardus‚
1219 2521 1431 2606 permissione

383 2597 504 2647 ‘mm'
610 2623 732 2702 divina,
779 2624 1012 2690 Dunolmensis
1056 2623 1234 2708 episcopus,
1282 2621 1429 2686 salutem.

384 2718 526 2786 Noverit
547 2726 748 2792 universitas
770 2731 889 2802 vestra,
906 2748 974 2804 nos,
990 2727 1032 2790 ob
1046 2725 1204 2812 grandem
1227 2721 1431 2788 affectionem

381 2824 415 2884 et
447 2822 612 2890 sinceram
636 2828 844 2894 devotionem
869 2850 951 2914 quas
973 2829 1016 2892 ad
1038 2827 1194 2914 gloriosos
1216 2830 1252 2890 et
1273 2824 1431 2889 mirabilis

382 2920 463 2986 vitae
497 2927 705 3006 confessores,
728 2930 863 2994 beatum
896 2929 1126 3007 Cuthbertum,
1148 2934 1324 3014 patronum
1356 2947 1430 2990 nos·

381 3027 480 3104 trum,
504 3032 538 3090 et
561 3027 720 3094 Sanctum
744 3031 947 3109 Godericum,
963 3031 1106 3118 gerimus
1129 3041 1165 3095 et
1185 3029 1352 3106 habemus,
1375 3027 1430 3091 de·

384 3121 479 3204 disse,
502 3131 705 3209 concessisse,
729 3137 762 3198 et
786 3132 848 3198 hac
870 3133 1026 3220 praesenti
1052 3137 1144 3197 caria
1172 3133 1286 3196 nostra
1315 3129 1431 3194 confir·

383 3247 497 3307 masse,
537 3230 667 3297 dilectis
700 3235 736 3297 in
767 3233 899 3300 Christo
931 3235 1017 3312 filiis,
1048 3235 1150 3320 priori
1183 3240 1218 3298 et
1255 3231 1432 3297 conventui

379 3331 521 3398 ecclesiae
552 3335 793 3415 Dunolmensis,
822 3357 950 3402 necnon
983 3336 1085 3422 priori
1117 3337 1159 3401 de
1189 3335 1365 3420 Fynkhale
1397 3338 1431 3398 et

382 3434 550 3500 monachis
574 3436 699 3501 ibidem
723 3437 793 3503 Deo
817 3441 851 3502 et
874 3437 996 3504 Sancto
1021 3437 1179 3504 Goderico
1201 3439 1430 3518 servientibus,

385 3542 420 3601 et
442 3536 478 3600 in
501 3543 696 3624 perpetuum
720 3539 900 3620 servituris,
924 3540 968 3604 ad
990 3541 1230 3606 incrementum
1252 3541 1366 3605 domus
1390 3541 1430 3606 de

380 3637 564 3722 Fynkhele,
580 3645 614 3704 et
629 3641 879 3710 commodiorem
902 3643 1175 3708 sustentationem
1198 3642 1430 3708 monachorum

381 3739 505 3804 ibidem
529 3743 811 3820 commorantium,
834 3747 944 3808 totum
974 3748 1107 3809 vastum
1137 3751 1172 3809 et
1201 3767 1333 3822 moram,
1357 3767 1431 3832 quse

381 3841 501 3928 incipit
524 3864 544 3907 a
565 3849 662 3929 porta
693 3843 885 3910 occidentali
919 3847 1082 3931 prioratus
1115 3847 1157 3911 de
1191 3847 1365 3932 Fynkhal’,
1397 3851 1431 3913 et

380 3944 532 4010 extendit
564 3967 598 4010 se
629 3967 650 4009 a
683 3946 811 4011 dextris
842 3947 907 4014 viae
941 3969 1015 4032 quae
1046 3948 1138 4014 ducit
1168 3970 1282 4013 versus
1305 3949 1429 4016 Dunol-

381 4067 473 4112 mum
496 4069 599 4134 usque
623 4048 666 4112 ad
689 4053 824 4134 pontem
854 4050 913 4135 qui
943 4049 1067 4115 dicitur
1090 4050 1349 4138 “Bysebrigge,”
1371 4054 1429 4137 qui

343 4231 345 4238 Ι
379 4155 542 4235 estsuper
558 4149 723 4234 syketum‚
739 4151 798 4236 qui
812 4157 949 4218 vocatur
971 4159 989 4187 “
999 4152 1237 4231 Udeneburn',”
1261 4163 1295 4218 et
1311 4155 1429 4220 deinde

380 4251 550 4318 descendit
582 4273 641 4336 per
674 4251 858 4318 clausuram
889 4257 988 4320 terres
1018 4255 1183 4338 quondam
1209 4255 1367 4322 Wilielmi
1389 4257 1430 4322 de

380 4354 554 4439 Falderley
576 4375 681 4438 usque
704 4354 741 4419 iri
762 4356 901 4420 fluvium
931 4356 973 4422 de
1003 4356 1108 4435 Were,
1132 4361 1167 4422 et
1198 4359 1245 4424 sic
1276 4380 1336 4444 per
1368 4360 1429 4426 flu-

378 4457 472 4524 vium
495 4457 536 4522 de
551 4455 663 4522 ·Were
685 4457 852 4523 redeundo
873 4480 977 4545 usque
999 4458 1040 4524 ad
1063 4463 1193 4545 pomam
1216 4461 1428 4546 praedictam

379 4559 568 4624 habendum
592 4564 627 4624 et
650 4559 831 4625 tenendum
861 4561 960 4627 dictis
990 4562 1093 4647 priori
1127 4569 1161 4629 et
1194 4563 1373 4651 monachis,
1394 4579 1429 4640 et

377 4683 492 4732 corum
529 4662 776 4748 successoribus,
813 4667 921 4730 totum
967 4665 1161 4750 praedictum
1211 4676 1344 4738 vastum
1393 4683 1428 4744 et
