3506 5702
384 780 449 849 712
572 792 767 841 asarsusim
791 787 994 838 murmuria
1016 784 1257 834 nusnmmsn.

218 995 353 1102 Asonsa.
390 1021 600 1088 [Aequieuncia]
688 966 813 1032 Christi
845 966 998 1032 fidelibus
1035 964 1197 1030 universis
1234 965 1347 1048 pateat
1377 975 1611 1044 permenses.

218 1058 375 1152 fflmoe
386 1087 488 1138 domino
514 1090 605 1140 metari
626 1075 828 1155 'praesentes
844 1069 933 1154 quod
955 1090 1024 1145 nos,
1039 1066 1207 1144 Ricardus,
1222 1063 1433 1152 permissione

218 1155 607 1252 ii⁰didn⁰dd¹¹⁰d⁹s⁰g⁸⁰f⁹¹ffl-
641 1171 763 1249 divina,
796 1170 1027 1236 Dunolmensis
1051 1171 1227 1256 episcopus,
1254 1166 1434 1252 recepimus

218 1257 344 1310 ΜΒΝ
385 1295 406 1337 a
429 1274 561 1339 domino
584 1273 718 1351 Thoma,
746 1279 869 1340 rectore
900 1274 1042 1339 ecclesiae
1078 1273 1117 1337 de
1141 1269 1331 1357 Seggefeld’,
1355 1267 1434 1331 duo·

385 1377 490 1440 decim
505 1375 606 1440 libras
631 1399 690 1442 sex
712 1375 831 1440 solidos
859 1380 932 1441 octo
959 1375 1109 1440 denarios
1133 1374 1371 1458 sterlingorum,
1394 1371 1435 1434 de

386 1479 564 1543 medietate
602 1478 736 1542 celebris
780 1478 945 1542 memoriae
981 1477 1114 1542 domino
1154 1475 1327 1552 Eduardo¹
1366 1471 1434 1556 regi

387 1580 526 1666 Angliae,
543 1581 630 1666 patri
646 1580 771 1644 domini
787 1579 872 1664 regis
895 1600 992 1657 nune,
1009 1601 1029 1642 a
1053 1579 1138 1643 clero
1155 1577 1287 1664 Angliae
1310 1575 1434 1642 dudum

387 1701 544 1757 concessa,
570 1681 692 1746 dictam
723 1681 887 1747 ecelesiam
928 1682 1147 1766 contingente.
1202 1679 1245 1742 In
1266 1677 1359 1761 cujus
1389 1677 1435 1740 rei

392 1783 628 1864 testimonium,
669 1783 814 1870 sigillum
846 1789 995 1849 nostrum
1031 1783 1249 1868 praesentibus
1280 1781 1436 1844 duximus

388 1886 629 1971 apponendum.
676 1885 801 1950 Datnm
832 1886 920 1970 apud
959 1885 1103 1962 Richale,
1126 1883 1236 1967 xxiijo.
1265 1883 1318 1948 die
1344 1881 1437 1957 Jnlii,

389 2009 476 2053 enno
500 1987 636 2053 Domini
659 1987 831 2051 millesimo
865 1986 1093 2051 trecentesimo
1107 2071 1109 2078 Α
1124 1985 1376 2069 quintodecimo,
1404 1988 1438 2048 et

389 2089 640 2154 consecrationis
663 2093 784 2153 nostrae
808 2089 932 2172 quinto.

261 2325 330 2368 rm,
391 2305 539 2357 Commissio
556 2309 658 2369 cupro·
737 2291 906 2370 RicarduS,
936 2291 1146 2376 permissione
1170 2289 1294 2367 divina,
1313 2285 1438 2351 Dunol-

223 2385 372 2496 &pm
390 2372 658 2502 flfflseifflzfflsse
691 2393 812 2456 mensis
822 2393 1000 2478 episcopus,
1013 2393 1132 2456 dilecto
1147 2391 1216 2454 filio
1235 2442 1242 2455 .
1258 2443 1263 2454 .
1282 2421 1300 2468 ·.,
1318 2389 1439 2453 decano

223 2496 365 2584 uffigffin·
391 2507 422 2554 ue
438 2504 632 2554 Hurmeworth’.
691 2495 832 2560 ecclesiae
843 2494 1060 2580 praebendalis
1069 2495 1110 2558 de
1120 2491 1307 2578 Langcestr'
1319 2497 1440 2556 nostrae

223 2549 361 2677 {fflffih
392 2597 549 2676 dioecesis,
580 2595 728 2673 salutem,
751 2597 893 2682 gratiam
917 2601 951 2660 et
966 2595 1240 2660 benedictionem.
1297 2593 1381 2658 Oum
1403 2593 1438 2655 in

223 2684 358 2778 ffllh*
391 2697 524 2783 negotio
554 2698 819 2782 praesentationis
852 2698 894 2761 ad
926 2697 1092 2762 ecclesiam
1127 2697 1167 2759 de
1190 2692 1440 2758 Hurthcworth'

396 2820 493 2884 super
534 2799 637 2884 Teys’,
668 2821 726 2885 per
760 2799 897 2864 dilectos
921 2798 1015 2878 filios,
1046 2798 1218 2862 dominum
1253 2796 1377 2860 Lucam
1400 2794 1439 2858 de

395 2901 583 2985 Tailleboys
615 2907 650 2965 et
681 2901 863 2965 Robertum
887 2901 928 2964 de
953 2897 1145 2985 Heppehale
1168 2897 1378 2982 conjunctim,
1401 2897 1441 2962 de

395 3001 527 3067 domino
544 3001 676 3066 Simone
690 3003 729 3066 de
741 3002 954 3078 Beldreston’,
964 3001 1088 3081 clerico,
1099 3001 1194 3066 nobis
1210 3001 1316 3075 fectae,
1330 3000 1442 3063 literas

394 3108 524 3168 nostres
547 3103 772 3188 inquisitorias
795 3104 830 3166 in
846 3103 951 3167 forma
965 3102 1079 3167 debita
1101 3101 1376 3180 mandaverimus,
1392 3101 1443 3164 ul·

395 3204 509 3269 teriori
533 3205 736 3290 expeditioni
759 3204 916 3289 ejusdem,
940 3225 982 3269 ex
1014 3203 1113 3269 certis
1135 3203 1249 3281 causis,
1272 3202 1443 3267 intendere

395 3327 462 3369 non
485 3306 641 3387 valentes,
658 3307 761 3384 vobis,
778 3306 818 3370 de
833 3306 927 3392 cujus
950 3307 1229 3391 quamplurimum
1250 3305 1443 3370 confidimus

396 3407 561 3472 industria
583 3407 826 3493 circumspecta,
841 3409 883 3471 ad
906 3409 1173 3493 cognoscendum,
1198 3407 1444 3494 procedendum,

395 3509 689 3595 pronunciandum,
723 3509 959 3588 diffiniendum,
995 3510 1247 3586 discutiendum,
1281 3529 1444 3594 exequen-

397 3610 485 3686 dum,
516 3616 550 3673 et
574 3610 684 3674 omnia
713 3610 778 3674 alia
800 3611 994 3690 faciendum,
1018 3611 1054 3674 in
1087 3611 1176 3675 dicto
1198 3611 1339 3696 negotio,
1363 3631 1445 3694 quae,

398 3711 574 3775 secundum
599 3712 703 3796 ipsius
725 3713 919 3796 qualitatem
943 3718 978 3778 et
1001 3714 1209 3801 exigentiam,
1228 3715 1328 3799 juxta
1351 3736 1446 3779 cano-

397 3812 488 3880 nicas
510 3812 704 3892 sanctiones,
728 3820 913 3899 opportuna
934 3815 1066 3896 fuerint,
1092 3823 1126 3881 et
1149 3817 1336 3894 necessaria,
1360 3817 1447 3882 vices

397 3919 524 3978 nostras
546 3913 789 3994 committimus,
804 3936 875 3978 cum
895 3917 1070 4001 cujuslibet
1085 3917 1261 3984 coercionis
1283 3919 1447 3984 canonicoe

397 4019 568 4100 potestate.
606 4015 730 4083 Valete.
771 4015 894 4081 Datum
911 4019 999 4103 apud
1015 4018 1171 4104 Ryohale,
1184 4017 1278 4087 xxv0.
1290 4020 1344 4084 die
1354 4020 1378 4084 J
1381 4020 1447 4098 ulii,

398 4139 483 4181 anno
509 4117 644 4182 Domini
666 4117 838 4182 millesimo
859 4115 932 4184 coc⁰.
957 4121 1211 4202 quintodecimo,
1229 4127 1263 4186 et
1281 4143 1447 4187 conseera-

398 4219 497 4283 tionis
519 4223 640 4284 nostrae
656 4219 781 4304 quinto.

230 4450 356 4494 nemoren-
400 4444 624 4496 Memorsnuum-
713 4416 819 4494 Quod,
835 4422 984 4501 porrecta
1004 4417 1101 4482 litera
1123 4424 1391 4504 praesentationis
1406 4423 1448 4486 ad

230 4501 336 4594 llll&
399 4511 530 4574 Ηθηθῑθῖ·
667 4516 833 4580 eeclesiam
857 4517 897 4582 de
922 4517 1093 4604 Horseley,
1116 4523 1273 4607 magistro
1304 4524 1449 4600 Henrieo

229 4600 368 4694 ξξξῑξζῗῗῃ·
399 4613 430 4678 le
457 4613 588 4699 Waleys
620 4638 678 4703 per
712 4617 853 4682 nobilem
887 4620 1005 4698 virum,
1031 4621 1201 4688 dominum
1237 4623 1448 4712 Radulphum
