3524 5716
433 825 519 890 1226
610 837 810 889 anomaeus
831 835 1035 888 amrinum
1057 838 1299 890 scammuse.

279 1045 334 1089 A·1³·
343 1048 400 1091 1³18·
431 1037 633 1122 adjacentes3
657 1035 847 1101 babendum
863 1039 898 1099 61
909 1035 1099 1115 tenendum,
1110 1035 1211 1100 simul
1224 1057 1300 1102 curn
1314 1037 1482 1122 praedictis
1493 1065 1658 1120 susm

430 1138 559 1204 duabus
574 1139 658 1204 acris
672 1142 770 1204 teme
792 1138 834 1202 de
856 1143 952 1202 vasto
974 1142 1097 1217 nostro,
1120 1139 1243 1204 eisdem
1265 1139 1423 1225 magistro
1446 1144 1481 1204 et

430 1241 599 1319 fratribus,
622 1246 656 1305 61
686 1262 800 1307 eorum
824 1240 1071 1317 successoribus,
1098 1241 1139 1306 de
1170 1241 1264 1304 nobis
1287 1246 1322 1306 et
1355 1261 1480 1306 sucees-

430 1344 558 1408 soribus
581 1343 702 1408 nostris
734 1342 771 1406 in
793 1346 1006 1427 perpetuum3
1040 1341 1132 1406 salva
1165 1347 1278 1408 tamen
1307 1363 1481 1407 communa

428 1451 572 1532 pasturae
595 1445 748 1510 omnibus
778 1464 986 1508 communem
1018 1443 1219 1508 habentibus
1241 1443 1279 1508 in
1303 1444 1481 1529 'praedictis

429 1547 617 1634 quindecim
652 1546 736 1612 acris
758 1548 857 1610 terrae
883 1545 1041 1610 desasto
1069 1550 1191 1625 nostro,
1213 1548 1290 1631 post
1311 1549 1479 1610 vesturam

428 1652 638 1734 asportatam.
694 1645 921 1712 Concessimus
957 1647 1058 1711 etiem
1088 1646 1211 1711 eisdem
1249 1647 1407 1733 magistro
1445 1653 1481 1711 et

429 1751 587 1816 fratribus
623 1748 796 1835 hospitatis
826 1748 989 1834 praedicti,
1022 1753 1056 1812 et
1086 1769 1200 1813 eorum
1231 1748 1479 1828 successoribus,

427 1874 485 1938 pro
508 1852 604 1916 nobis
631 1856 666 1916 61
688 1849 926 1916 successoribus
949 1851 1072 1915 nostris
1095 1850 1253 1936 episcopis
1276 1849 1479 1915 Dunolmen-

428 1954 526 2030 sibus,
541 1953 631 2039 quod
646 1952 793 2017 habeant
814 1956 984 2038 pasturam
999 1950 1043 2016 ad
1057 1951 1232 2037 sexaginta
1246 1972 1370 2031 vaccas,
1386 1952 1481 2016 bovi·

429 2055 517 2121 culos
547 2060 582 2120 et
603 2055 772 2139 juvencas,
796 2073 871 2118 cum
893 2053 1026 2138 sequela
1048 2052 1282 2139 praedictarum
1304 2073 1477 2118 vaccarum

428 2151 526 2221 unius
560 2156 650 2232 anni,
673 2155 710 2218 in
739 2153 861 2220 foresta
892 2159 1007 2220 nostra
1038 2155 1079 2218 de
1115 2154 1269 2220 Werdale
1298 2156 1480 2241 praedicta;

429 2259 529 2324 salvis
563 2258 658 2321 nobis
701 2261 735 2322 et
782 2256 1019 2322 successoribus
1062 2257 1184 2321 nostris
1230 2260 1480 2343 appruamentis

429 2360 559 2436 nostris,
573 2359 696 2444 ubique
719 2359 755 2422 in
771 2359 922 2424 omnibus
945 2359 1050 2423 vastis
1066 2363 1101 2422 61
1124 2358 1230 2425 boscis
1245 2361 1367 2424 nostris
1381 2361 1480 2425 factis

430 2467 464 2527 et
486 2462 668 2541 faciendis3
690 2482 758 2525 non
789 2461 944 2526 obstante
967 2460 1107 2526 Statuto
1130 2461 1171 2525 de
1201 2461 1300 2526 terris
1322 2467 1357 2526 et
1385 2467 1480 2528 tene-

428 2565 549 2628 mentis
572 2563 615 2627 ad
645 2583 780 2628 manum
802 2568 965 2628 mortuam
987 2582 1055 2627 non
1085 2563 1244 2648 ponendis
1267 2562 1378 2643 edito;
1405 2565 1479 2628 red·

393 2657 396 2662 ’
428 2665 535 2730 dendo
557 2665 634 2730 inde
666 2665 839 2728 annuatim
869 2664 964 2729 nobis
1003 2669 1037 2729 et
1078 2665 1316 2730 successoribus
1356 2667 1479 2730 nostris

429 2767 511 2831 duos
554 2766 674 2831 solidos
704 2766 842 2851 argenti,
865 2765 907 2830 ad
940 2766 1136 2832 scaccarium
1169 2771 1320 2832 nostrum
1352 2767 1477 2832 Dunel-

428 2889 548 2947 mense,
573 2869 615 2933 ad
639 2868 722 2932 duos
743 2867 902 2932 terminos
927 2867 1017 2947 anni,
1041 2867 1262 2948 medietatem,
1285 2867 1417 2946 scilicet,
1432 2868 1478 2932 ad

427 2969 547 3032 festum
571 2968 685 3033 Sancti
708 2967 884 3034 Outhberti
906 2969 944 3033 in
966 2967 1161 3054 Septembri,
1179 2973 1213 3034 et
1235 2968 1334 3033 aliam
1353 2969 1478 3034 medie·

428 3077 532 3152 tatem
555 3072 597 3136 sd
628 3070 749 3137 festum
773 3070 887 3137 Sancti
911 3071 1086 3137 Outhberti
1117 3073 1155 3136 in
1185 3071 1314 3137 Martio
1361 3071 1407 3136 Et
1440 3071 1478 3135 in

428 3173 575 3238 omnium
616 3172 912 3259 suprascriptorum
961 3173 1191 3238 testimonium
1244 3175 1333 3260 parti
1376 3172 1477 3257 hujus

428 3275 543 3364 scripti
570 3273 823 3362 chirographati,
844 3295 944 3360 penes
976 3276 1175 3362 magistrum
1197 3281 1232 3341 et
1260 3275 1378 3340 fratres
1400 3275 1476 3339 hos·

427 3377 541 3464 pitelis
571 3377 721 3462 praedicti
756 3377 950 3458 remanenti,
986 3376 1132 3463 sigillum
1163 3382 1313 3446 nostrum
1354 3377 1476 3463 apponi

426 3479 570 3558 fecimus,
586 3485 621 3544 et
634 3479 731 3544 alteri
746 3479 843 3564 parti,
860 3499 960 3564 penes
983 3501 1043 3545 nos
1066 3485 1102 3544 et
1124 3500 1323 3545 successores
1346 3485 1475 3544 nostros

426 3581 620 3660 remanenti,
637 3581 782 3666 sigillum
797 3601 968 3646 commune
990 3580 1070 3646 dicti
1096 3581 1270 3668 hospitalis
1285 3585 1337 3646 est
1351 3603 1475 3668 appen-

426 3704 506 3748 sum.
552 3682 678 3746 Datum
707 3683 796 3768 apud
818 3681 1016 3762 Aukeland’,
1048 3681 1121 3768 iiij⁰.
1145 3684 1198 3748 die
1228 3676 1350 3748 mensis
1379 3682 1476 3763 Julii,

290 3827 293 3838 ·
425 3805 513 3848 anno
528 3783 663 3849 Domini
680 3780 804 3850 n⁰‚coc⁰.
820 3785 1056 3863 tertiodecimo,
1079 3791 1113 3850 et
1135 3786 1346 3872 pontificatus
1368 3787 1476 3851 nostri

424 3887 531 3950 tertio.
579 3886 655 3951 Hiis
677 3887 825 3964 testibus,
858 3887 1009 3966 dominis,
1032 3888 1177 3953 Roberto
1200 3888 1241 3953 de
1264 3889 1394 3968 Hilton,
1418 3889 1476 3952 Ri-

290 4073 293 4080 p
424 3990 520 4053 cardo
544 3989 750 4066 Marmeduo’,
773 3989 919 4054 Waltero
949 3990 990 4053 de
1016 3989 1246 4077 Wessington’,
1283 3990 1409 4056 'thoma
1431 3991 1474 4056 de
1588 4027 1594 4036 ·

425 4089 646 4169 Witeworth’,
668 4091 816 4156 Jordano
839 4089 880 4154 de
902 4088 1051 4168 Dalden',
1066 4091 1239 4173 militibus,
1263 4092 1409 4157 Patricio
1431 4093 1474 4158 de

426 4192 582 4273 Kellawe,
607 4192 771 4258 Willeimo
795 4193 835 4258 de
866 4193 1093 4279 Brakenbury,
1127 4193 1269 4260 Ricardo
1292 4195 1333 4259 de
1360 4193 1472 4274 Paroo,

416 4294 553 4381 ,Rogero
576 4294 617 4358 de
640 4293 842 4380 Foulthorp',
867 4294 1015 4360 Gilberto
1038 4295 1079 4360 de
1095 4294 1311 4374 Scaresbeck',
1327 4301 1362 4361 et
1385 4297 1471 4361 aliis.

256 4497 389 4601 mig„
426 4531 623 4583 emmoni,
702 4495 818 4561 Sciant
863 4501 1041 4581 praesentes
1073 4502 1107 4563 et
1140 4498 1246 4563 futuri
1283 4500 1371 4584 quod
1404 4521 1472 4589 nos,

256 4599 406 4692 mgb&
426 4598 552 4648 deusne.
608 4626 616 4642 ·
660 4599 829 4675 Ricardus,
852 4603 921 4677 etc,
942 4598 1099 4678 dedimus,
1116 4599 1339 4677 concessimus,
1353 4605 1388 4665 61
1410 4601 1472 4665 hac

255 4699 408 4792 5⁰3³&de
426 4704 579 4790 praesenti
602 4707 693 4768 carto
718 4706 831 4766 nostra
854 4701 1130 4778 confirmavimus,
1148 4701 1275 4766 Simoni
1299 4703 1339 4766 de
1369 4703 1470 4767 Esshe

256 4801 323 4847 burn,
332 4811 362 4842 on
372 4801 412 4842 tbe
