3506 5702
502 797 701 851 saorsrnrnr
724 795 927 849 rsmrnrms
950 797 1190 852 nunmnnssn
1310 782 1372 853 741

154 991 458 1065 mnes-coercet,
481 1008 597 1054 sanum
624 985 752 1067 efficiat,
775 987 910 1075 expedit
933 1009 1002 1054 esse
1025 989 1150 1068 notum,
1173 1011 1211 1055 cc
1233 990 1373 1056 Thomas
1402 999 1526 1049 cll-1³1⁵·

322 1090 365 1156 de
396 1090 502 1176 Raby·
515 1089 730 1178 parochianus
752 1095 865 1155 noster
887 1095 1022 1177 propter
1052 1113 1145 1156 suam
1167 1091 1373 1158 manifestam

324 1193 492 1270 offensam,
513 1192 556 1258 ad
586 1192 781 1259 instantiam
812 1191 978 1258 Johanuis
1009 1193 1050 1259 de
1082 1193 1227 1260 Pollowe
1259 1195 1373 1272 clerici,

326 1315 435 1362 eoram
458 1349 465 1362 .
489 1348 495 1361 .
520 1348 527 1362 .
550 1294 680 1361 officiali
701 1300 816 1361 nostro
837 1301 1048 1374 contractam,
1063 1318 1121 1382 per
1142 1297 1251 1384 ipsum
1274 1295 1373 1362 offici·

321 1397 405 1462 elem
437 1395 570 1482 ma'joris
604 1398 952 1464 excommunicationis
977 1399 1109 1468 vinculo
1141 1400 1330 1478 innodatus,
1353 1425 1373 1466 a

321 1498 471 1586 partibus
509 1499 669 1564 Dunolmi
701 1499 771 1585 jem
802 1500 941 1581 recessit,
975 1503 1009 1566 et
1041 1522 1130 1567 nunc
1164 1501 1200 1565 in
1234 1501 1372 1567 civitate

321 1601 458 1666 Eboraci
482 1622 607 1666 moram
630 1601 743 1679 trahit,
765 1601 986 1666 communioni
1014 1602 1161 1668 fidelium
1184 1625 1218 1667 se
1241 1603 1372 1688 publice

318 1703 478 1790 ingerens,
493 1703 530 1766 in
544 1703 728 1768 animarum
742 1703 931 1790 periculum,
942 1709 976 1769 et
997 1705 1215 1790 pemiciosum
1230 1704 1371 1769 aliorum

320 1805 528 1890 exemplum
552 1805 780 1871 discretionem
803 1811 955 1883 vestram,
977 1811 1102 1872 mutuae
1135 1806 1371 1872 vicissitudinis

320 1906 469 1984 obtentu,
491 1907 687 1993 requirimus
710 1913 744 1972 et
765 1929 927 1994 rogamus,
951 1913 1113 1993 quatenus
1135 1909 1261 1974 dictum
1284 1909 1371 1973 Tho·

322 2029 409 2072 mern
431 2030 489 2093 per
511 2008 658 2095 singulas
681 2008 831 2074 ecclesias
842 2008 1083 2093 jurisdictionis
1098 2013 1218 2074 vestrae
1240 2010 1370 2074 faciatis

320 2109 366 2175 sic
388 2110 708 2174 excommunicatum
730 2109 861 2194 publice
892 2109 1050 2189 nuntiari,
1074 2115 1122 2187 ut,
1145 2110 1263 2174 rubore
1294 2131 1370 2175 con-

318 2211 420 2288 fusus,
444 2210 487 2275 ad
520 2209 794 2275 reconciliationis
825 2211 968 2296 gratiam
1001 2210 1128 2278 facilius
1162 2231 1196 2275 se
1226 2210 1369 2278 inclinet.

321 2312 447 2376 Valete.
493 2310 620 2375 Datum
643 2311 732 2398 apud
748 2311 1000 2397 Stolrton’,.xij⁰.
1024 2313 1077 2377 die
1101 2312 1259 2392 Octobris,
1284 2335 1371 2380 anno

322 2412 462 2477 Domini
494 2412 665 2478 millesimo
698 2414 925 2480 trecentesimo
959 2427 1039 2492 xv⁰.,
1062 2419 1096 2478 et
1118 2415 1371 2480 consecrationis

321 2519 445 2580 nostrae
467 2514 591 2600 quinto.

320 2757 613 2809 cemfiotonumeusae
692 2721 894 2787 Reverendae
924 2721 1130 2786 discretionis
1168 2720 1282 2788 viro.
1315 2737 1510 2834 pppoenap

319 2824 490 2876 Ebomeensis.
646 2825 776 2890 officiali
810 2825 909 2890 curiae
947 2823 1171 2902 Eboracensis‚
1204 2823 1257 2888 vel
1296 2823 1408 2910 ejusne
1378 2839 1527 2934 moretoin
1491 2854 1536 2885 rm-

319 2929 539 2995 commissario
576 2927 730 3014 generali,
776 2926 944 3003 Ricardus,
983 2927 1196 3012 permissione
1243 2926 1366 3002 divina,
1379 2901 1522 3033 {adds

318 3030 551 3096 Dunolmensis
566 3032 741 3116 episcopus,
757 3028 907 3110 salutem,
930 3050 1006 3093 cum
1028 3029 1149 3094 debitis
1171 3028 1367 3104 obedientia,
1379 3040 1447 3082 corr
1447 3039 1517 3084 rkre·

319 3133 504 3198 reverentia
537 3136 571 3198 et
602 3132 732 3196 honore
789 3130 986 3195 Mandatum
1019 3138 1167 3197 vestrum
1201 3128 1269 3194 xv⁰
1302 3130 1365 3195 kal
1359 3080 1483 3184 illectum
1477 3091 1532 3182 olhe

320 3234 473 3300 Octobris
494 3235 682 3320 recepimus,
697 3238 844 3299 tenorem
867 3233 1037 3298 continens
1060 3233 1368 3318 infrascriptum·
1324 3189 1536 3338 -ffieffi

319 3337 539 3402 Venerabili
528 3359 565 3400 1n
588 3335 720 3400 Christo
742 3335 840 3422 patri,
855 3335 988 3401 domino
1011 3334 1161 3414 Ricardc,
1177 3335 1239 3398 Dei
1261 3334 1369 3420 gratia
1380 3340 1445 3435 2¹31,
1443 3340 1518 3436 ppei

318 3437 535 3504 Dunolmensi
568 3439 726 3525 episcopo,
761 3436 908 3503 officialis
939 3435 1040 3502 curiae
1072 3436 1294 3514 Eboracensis‚
1318 3458 1368 3500 sa·

317 3540 431 3620 lutem‚
454 3562 527 3606 cum
559 3541 744 3606 reverentia
775 3542 811 3604 et
842 3539 965 3603 honore
988 3537 1091 3602 debit'
1067 3541 1110 3600 trs
1143 3541 1239 3602 tanto
1270 3536 1367 3622 patri.

320 3643 389 3710 Sua
412 3644 508 3709 nobis
530 3646 724 3730 procurator
746 3641 873 3706 domini
888 3638 1027 3705 Walteri
1049 3639 1089 3703 dc
1105 3639 1226 3717 Insula,
1243 3639 1367 3717 militis,

319 3747 511 3825 executoris,
532 3751 572 3812 ut
595 3745 822 3832 praetenditur,
845 3742 1034 3810 testamenti
1057 3741 1195 3808 Walteri
1211 3742 1365 3827 Heyron’,

320 3846 474 3926 defuncti,
497 3849 659 3935 petitione
681 3847 888 3925 monstravit,
903 3845 994 3932 quod
1016 3867 1091 3911 cum
1114 3867 1239 3923 vos,:ex
1261 3843 1367 3909 officio

320 3953 438 4026 vestro,
461 3955 494 4015 et
516 3955 609 4016 motu
625 3950 766 4037 proprio,
788 4001 796 4018 .
819 4001 824 4013 .
850 3947 980 4015 officiali
1003 3945 1130 4014 domini
1147 3945 1367 4012 archidiaconi

323 4049 576 4118 Nerthumbriae
620 4053 741 4118 vestris
773 4051 946 4117 dedissetis
979 4050 1088 4114 literis
1117 4051 1153 4113 in
1191 4048 1366 4130 mandatis,
1408 4087 1425 4131 f,
1434 4089 1471 4132 m
1480 4088 1503 4132 1,

319 4156 368 4228 ut,
399 4152 522 4216 vocatis
559 4152 625 4216 illis
665 4155 723 4238 qui
761 4152 901 4218 vocandi
938 4152 1071 4229 fuerint,
1109 4150 1149 4216 de
1186 4149 1367 4216 defectibus

319 4253 499 4330 domorum,
530 4253 665 4318 cancelli
698 4259 733 4320 et
765 4255 925 4320 libromm
956 4275 995 4320 ae
1026 4253 1164 4320 aliorum
1197 4273 1369 4318 ornamen-

318 4360 439 4436 torum,
462 4355 505 4422 ad
528 4355 696 4421 ecclesiam
719 4356 759 4420 de
782 4355 889 4435 Ford’,
904 4360 1025 4422 vestrae
1048 4355 1204 4434 dioecesis,
1220 4361 1368 4442 spectan-

317 4459 411 4537 tium,
451 4465 526 4546 post
572 4463 711 4524 mortem
748 4457 875 4523 domini
914 4458 1051 4523 Rcberti
1088 4457 1218 4538 Heron',
1256 4459 1366 4526 ultimi

317 4561 454 4630 rectoris
476 4561 630 4648 ejusdem,
653 4561 773 4626 idem.
799 4611 805 4626 .
829 4612 836 4627 .
861 4559 1006 4627 officialis
1028 4560 1285 4640 Nerthumbriae,
1307 4583 1366 4649 per

317 4686 351 4730 se
373 4671 408 4732 et
428 4685 496 4733 non
519 4687 577 4752 per
599 4663 711 4743 alium,
725 4663 906 4750 inquireret
928 4663 1110 4750 diligenter,
1125 4669 1159 4730 et
1181 4686 1278 4752 super
1300 4663 1365 4732 hiis
