3538 5712
470 811 667 864 auorsravu
690 813 894 866 ramrruuu
916 815 1157 867 nvvnuunusn.
1249 802 1334 866 1105

120 1005 432 1086 aarpuaareoeptor
458 1000 667 1066 denariorum
689 1021 831 1065 suorum.
878 1001 923 1064 Et
952 1000 1116 1087 Rogemm
1140 1001 1170 1066 le
1194 1001 1335 1068 Provost
1364 1013 1489 1064 amma

286 1101 328 1167 da
362 1101 598 1188 Wolsingham‚
622 1100 665 1165 ad
695 1101 902 1167 reddendum
925 1102 1073 1189 praefatis
1108 1103 1255 1170 Johanni
1293 1105 1334 1170 de

285 1202 389 1268 Foxla
422 1207 456 1267 εὴ
493 1201 627 1268 Thomas
663 1202 895 1268 rationabilem
930 1209 1120 1290 compotum
1156 1227 1253 1270 suum
1291 1206 1332 1271 da

163 1311 167 1324 '
285 1308 432 1391 tempore
453 1325 520 1388 quo
541 1303 608 1369 fuit
628 1303 772 1368 ballivus
794 1303 943 1390 praedicti
957 1305 1096 1371 Antonii
1119 1307 1156 1370 in
1171 1306 1335 1394 Wolsing·

284 1404 371 1482 ham,
394 1410 429 1470 et
450 1410 597 1491 receptor
627 1404 835 1470 denariorum
866 1427 1007 1474 suorum.
1052 1409 1098 1472 Et
1124 1408 1260 1474 Petrum
1291 1411 1332 1475 da

287 1505 451 1594 Midderig
481 1511 517 1570 et
539 1506 700 1570 Thomam
724 1506 831 1584 Hoda
862 1507 905 1572 ad
943 1508 1146 1574 reddendum
1184 1510 1332 1597 praefatis

285 1607 432 1673 iohanni
455 1607 497 1672 de
519 1605 622 1672 Foxle
644 1611 680 1673 et
701 1606 837 1674 Thomas
858 1609 901 1673 de
922 1608 1082 1696 Wilugby
1104 1610 1332 1676 rationabilem

286 1713 473 1795 compotum
510 1728 616 1790 suum,
655 1709 696 1774 de
733 1715 882 1796 tempore
919 1732 984 1796 quo
1023 1710 1184 1798 [fuerunt]
1216 1711 1333 1778 ballivi

286 1809 437 1897 praedicti
458 1811 598 1876 Antonii
613 1811 650 1875 in
675 1809 847 1896 Midderig,
862 1815 898 1876 et
918 1815 1102 1900 receptores
1125 1813 1334 1878 denariorum

285 1933 427 1977 suorum.
473 1912 519 1977 Et
541 1911 728 1977 Johann·=m
751 1911 782 1976 le
804 1911 945 1978 Provost
967 1912 1009 1978 da
1032 1913 1277 2001 Heighington’,
1291 1914 1335 1979 ad

284 2013 487 2078 reddendum
526 2013 673 2100 praefatis
711 2013 734 2078 J
736 2013 859 2077 obanni
903 2015 944 2079 de
986 2014 1089 2080 Foxla
1128 2005 1174 2081 εὴ
1199 2015 1334 2082 Thomas

286 2114 515 2182 rationabilem
553 2121 739 2201 compotum
757 2163 762 2174 .
778 2137 874 2180 suum
908 2115 950 2181 de
984 2121 1131 2202 tempore
1164 2138 1230 2203 quo
1267 2119 1334 2184 fuit

285 2217 427 2283 ballivus
448 2217 599 2303 praedicti
623 2219 762 2284 Antonii
785 2219 823 2285 in
853 2218 1099 2305 Heigbington’‚
1125 2223 1159 2283 et
1184 2224 1332 2306 receptor

285 2319 493 2386 denariorum
526 2339 667 2384 suorum.
714 2320 758 2384 Et
789 2319 971 2384 Robertum
997 2318 1039 2383 da
1065 2319 1271 2407 Derlington,
1287 2321 1331 2385 ad

283 2418 487 2485 reddendum
524 2418 672 2506 praefatis
708 2420 856 2487 Johanni
900 2420 941 2486 da
985 2419 1089 2486 Foxle
1126 2425 1161 2486 et
1198 2421 1333 2487 Thomae

282 2521 511 2587 rationabilem
549 2527 736 2608 compotum
771 2544 867 2588 suum
904 2523 946 2587 de
982 2527 1127 2610 tempora
1166 2545 1230 2611 quo
1268 2523 1333 2589 fuit

282 2622 425 2688 ballivus
455 2623 605 2710 predicti
643 2624 783 2690 Antonii
820 2624 856 2688 in
890 2623 1091 2702 Beanmond,
1120 2631 1154 2690 at
1185 2628 1333 2712 reoeptor

283 2724 490 2792 denariorum
539 2747 680 2792 suorum.
741 2727 786 2790 Et
827 2725 990 2812 Rogarum
1040 2725 1146 2791 filium
1194 2726 1331 2792 Henrioi

282 2827 322 2891 de
345 2825 545 2893 Haukelond
579 2830 613 2892 et
644 2827 813 2892 Simonem
844 2826 885 2892 de
908 2827 1033 2905 Esoom
1056 2827 1100 2893 ad
1125 2826 1330 2892 reddendum

281 2928 429 3015 praefatia
461 2926 612 2994 Johanni
650 2929 690 2994 de
723 2928 825 2993 Foxle
858 2932 893 2993 εὴ
929 2925 1064 2994 Thomas
1100 2927 1329 2995 rationabilem

280 3035 467 3116 compotum
497 3051 594 3095 suum
616 3029 657 3095 de
690 3035 837 3116 temporo
859 3051 923 3115 quo
946 3029 1082 3096 fuerunt
1107 3030 1223 3095 ballivi
1245 3051 1329 3118 prae·

281 3130 361 3196 dieti
398 3131 539 3196 Antonii
572 3133 608 3196 in
646 3131 825 3210 coundon',
864 3137 898 3197 et
936 3136 1083 3219 receptor
1120 3132 1328 3198 denariorum

280 3254 421 3298 suorum.
467 3234 512 3298 Et
534 3233 702 3298 Johnnem
724 3232 916 3311 Woderoua,
939 3233 982 3299 ad
1014 3233 1217 3300 reddendum
1244 3255 1329 3320 pra-

280 3333 358 3399 fatis
372 3334 519 3400 iohanni
530 3335 570 3399 de
584 3333 688 3400 Foxle
705 3339 740 3399 et
750 3334 884 3400 Thomae
899 3334 1128 3400 rationabilem
1143 3340 1330 3421 compotum

280 3457 377 3501 suum
400 3436 441 3502 de
464 3443 610 3521 tempore
627 3457 692 3522 quo
714 3435 780 3500 fuit
801 3435 944 3500 ballivus
967 3435 1116 3522 praedieti
1131 3436 1270 3501 Antonii
1294 3437 1330 3500 in

279 3537 474 3616 Aukeland',
490 3541 525 3602 et
547 3543 694 3624 receptor
716 3536 924 3602 denariorum
946 3557 1089 3600 suorum.
1137 3535 1183 3601 Et
1205 3535 1331 3601 Johan·

279 3660 355 3703 nem
391 3639 431 3704 de
453 3637 605 3716 Denton',
628 3639 671 3703 ad
705 3636 907 3703 reddendum
938 3636 1085 3723 praefatis
1116 3636 1263 3702 Jobanni
1297 3643 1332 3702 et

280 3737 415 3806 Thomae
444 3738 672 3806 rationabilem
702 3743 888 3825 compotum
909 3759 1005 3802 suum
1029 3737 1071 3802 de
1093 3743 1239 3825 tempore
1266 3761 1331 3825 quo

280 3839 501 3928 fuitraoeptor
511 3841 719 3907 denariorum
734 3838 884 3928 proedieti
895 3838 1043 3905 Antonii
1089 3839 1135 3904 Et
1143 3839 1330 3905 Johannem

280 3941 421 4021 Baroun,
444 3942 488 4007 ad
521 3941 724 4008 reddendum
757 3941 905 4028 praefatis
926 3940 1074 4007 Johanni
1098 3941 1139 4006 de
1164 3940 1268 4007 Foxle
1295 3947 1330 4006 et

280 4043 414 4111 Thomas
438 4044 667 4110 rationabilem
688 4050 877 4130 compotum
898 4064 994 4109 suum
1025 4043 1066 4108 de
1095 4048 1241 4129 tempore
1264 4065 1329 4130 quo

279 4144 345 4210 fuit
374 4145 518 4212 ballivus
548 4145 698 4232 praedicti
727 4144 867 4210 Antonii
882 4144 918 4209 in
941 4143 1103 4222 Stokton',
1126 4149 1161 4210 at
1182 4149 1329 4232 reoeptor

280 4247 488 4314 denariorum
520 4269 660 4314 suorum.
707 4246 753 4312 Et
783 4247 928 4322 Alanum
952 4245 993 4312 de
1018 4245 1159 4333 Oassop',
1181 4247 1224 4312 ad
1255 4247 1328 4312 red-

281 4349 424 4415 dendum
447 4349 595 4436 praefatis
618 4346 765 4413 Johanni
787 4348 828 4414 de
845 4347 948 4414 Foxle
970 4351 1004 4412 et
1026 4346 1161 4414 Thomas
1182 4347 1326 4414 rationa-

278 4451 378 4516 bilem
405 4455 592 4538 oompotum
627 4471 722 4515 suum
755 4449 796 4515 de
822 4454 968 4536 tempore
999 4471 1065 4534 quo
1095 4449 1161 4514 fuit
1182 4449 1325 4514 ballivus

278 4552 427 4640 praedioti
449 4552 589 4619 Antonii
611 4552 647 4617 in
663 4550 884 4631 Quekendon',
901 4556 935 4615 et
956 4555 1104 4636 receptor
1118 4550 1326 4616 denariorum

278 4678 418 4724 suorum.
473 4655 527 4747 Et
556 4653 742 4722 Jobannem
777 4653 818 4720 de
844 4651 1022 4730 Cornford'‚
1045 4651 1086 4718 ad
1121 4652 1324 4719 reddendum

366 4775 442 4825 VOL.
465 4773 500 4825 Π.
1134 4771 1192 4818 ΕΕ
