3502 6108
485 826 685 879 nnsrsraun
706 825 911 915 arternum
933 827 1175 880 nurmnnrsn
1268 812 1354 883 1179

25 1042 28 1048 ’
139 1029 183 1076 sa
191 1027 295 1086 senaa
309 1035 387 1089 cm
404 1037 589 1090 mansua-
666 1013 836 1094 Ricardus,
870 1007 1083 1100 permissione
1112 1012 1239 1096 divina,
1261 1013 1355 1080 Dun-
1386 1021 1508 1070 mma

308 1105 561 1170 dulpmueBulmer.
624 1115 779 1183 olmensis
813 1115 993 1204 episeopus,
1017 1116 1170 1182 omnibus
1200 1118 1245 1183 ad
1276 1093 1514 1204 quosfflfflm

308 1218 486 1301 praesentes
524 1215 628 1286 literas
675 1219 897 1306 pervenerint,
936 1219 1084 1286 salutem.
1139 1219 1260 1286 Sciatis
1297 1195 1525 1291 nosiisnhhidh

308 1317 511 1396 concessisse,
533 1324 569 1384 et
589 1319 650 1386 hec
672 1326 763 1388 carta
796 1327 909 1388 nostra
941 1322 1157 1404 confirmasse,
1181 1322 1300 1390 dilecto
1323 1327 1358 1389 et

308 1417 399 1483 fideli
420 1424 541 1498 nostro,
564 1421 697 1489 domino
712 1422 888 1510 Radulpho
908 1424 949 1488 de
972 1424 1112 1501 Bolmer,
1134 1421 1244 1503 militi,
1268 1423 1357 1510 quod

308 1519 380 1607 ipse
413 1526 447 1586 et
478 1521 623 1589 haeredes
657 1525 708 1591 sui
738 1525 775 1590 in
801 1530 999 1613 perpetuum
1036 1525 1184 1591 habeant
1220 1525 1357 1590 liberam

309 1642 499 1688 warennam
521 1625 556 1689 in
580 1627 732 1692 omnibus
755 1617 927 1692 dominicis
950 1626 1046 1692 terris
1066 1626 1134 1691 suis
1157 1626 1199 1692 de
1214 1627 1357 1713 Thorpe-

309 1722 439 1790 bulmer
460 1729 495 1790 et
518 1725 671 1806 Nesbiat’,
693 1728 730 1792 in
753 1729 914 1794 comitatu
950 1727 1114 1814 sedberg’,
1136 1728 1226 1792 dum·
1248 1731 1359 1792 tamen

310 1830 406 1892 terrae
428 1825 494 1893 illae
516 1849 584 1893 non
617 1829 686 1894 sint
718 1830 806 1896 infra
837 1834 942 1896 metes
975 1829 1106 1895 forestae
1136 1833 1279 1911 nostrae;
1309 1831 1359 1894 ita

309 1928 398 2014 quod
412 1929 524 1994 nullus
545 1930 650 1996 intret
671 1937 776 1998 terras
798 1932 882 2014 illas,
897 1933 941 1998 ad
962 1931 1145 2018 iugandum
1166 1931 1204 1996 in
1226 1931 1283 2010 eis,
1303 1931 1360 1996 vel

309 2029 353 2095 ad
382 2031 508 2116 aliquid
538 2031 733 2118 capiendum
766 2034 854 2120 quod
880 2033 923 2099 ad
946 2055 1154 2099 warrennam
1184 2033 1358 2120 pertineat,
1401 2053 1404 2059 ·

310 2132 381 2198 sine
403 2131 538 2199 lieentia
560 2140 594 2199 et
609 2134 782 2200 voluntate
797 2135 901 2222 ipsius
923 2134 1099 2221 Radulphi,
1122 2134 1176 2200 vel
1191 2135 1359 2202 haeredum

265 2315 266 2318 Ἴ
310 2255 453 2312 suorum,
475 2256 574 2323 super
605 2236 849 2303 forisfacturam
880 2240 1027 2302 nostram
1058 2236 1170 2302 decem
1191 2236 1358 2302 librarum.

263 2375 264 2378 =
311 2336 420 2417 Quare
435 2337 586 2403 volumus
601 2343 636 2404 et
648 2338 796 2405 ‘firmiter
809 2339 1027 2426 praecipimus,
1043 2360 1101 2425 pro
1121 2338 1217 2404 nobis
1239 2344 1275 2404 et
1288 2359 1361 2404 suo-
1461 2391 1462 2394 ,

309 2436 490 2504 sessoribus
504 2438 635 2518 nostris,
660 2441 750 2526 quod
771 2441 950 2527 praedictus
976 2441 1128 2506 dominus
1155 2440 1358 2528 Radulphus,

310 2543 345 2605 et
367 2539 512 2617 haeredes
534 2541 595 2619 sui,
617 2543 654 2606 in
677 2547 873 2629 perpetuum
895 2542 1041 2608 habeant
1062 2542 1199 2607 liberam
1217 2563 1360 2608 warren·

309 2661 387 2706 nam
410 2643 447 2706 in
469 2643 622 2708 omnihus
652 2643 825 2710 dominicis
858 2643 954 2708 terris
983 2643 1051 2709 suis
1081 2644 1256 2730 praedictis,
1277 2644 1359 2709 dum

310 2747 423 2810 tamen
445 2748 544 2810 terrae
565 2745 632 2811 illae
654 2766 721 2810 non
744 2746 814 2836 sint
835 2745 923 2811 infra
944 2749 1050 2810 metas
1072 2746 1202 2811 forestae
1216 2749 1338 2812 nostrae
1350 2770 1358 2826 ;

310 2845 360 2911 ita
382 2846 469 2932 quo'd
491 2845 603 2911 nullus
618 2847 720 2913 intret
743 2853 849 2914 terras
876 2847 949 2913 illas
970 2848 1014 2912 ed
1036 2847 1219 2933 fugandum
1242 2847 1279 2912 in
1301 2848 1358 2928 eis,

309 2948 364 3014 vel
377 2948 420 3014 ad
436 2948 561 3034 aliquid
577 2949 773 3035 capiendum
800 2949 889 3036 quod
903 2951 947 3016 ad
962 2970 1169 3014 warrennam
1183 2950 1358 3036 pertineat,

309 3051 380 3144 sins
400 3049 536 3114 licentia
558 3055 592 3115 et
618 3051 790 3116 voluntate
823 3050 927 3138 ipsius
957 3051 1083 3116 domini
1105 3051 1282 3138 Radulphi,
1304 3052 1360 3118 vel

309 3151 480 3219 haeredum
511 3172 653 3230 suorum,
676 3174 775 3239 super
803 3152 1047 3219 forisfacturam
1076 3157 1224 3218 nostram
1246 3154 1358 3219 decem

308 3253 477 3334 librarum,
501 3255 586 3320 siout
619 3255 815 3343 praedictum
847 3259 904 3321 est.
951 3255 993 3319 In
1015 3255 1109 3340 cujus
1131 3255 1179 3320 rei
1212 3256 1361 3322 testimo-

309 3356 412 3434 nium,
450 3355 594 3444 sigillum
627 3362 778 3422 nostrum
807 3356 1024 3441 praesentibus
1057 3355 1214 3422 duximus
1258 3379 1360 3443 appo·

309 3458 462 3524 nendum.
509 3458 587 3525 Hiis
611 3458 762 3538 testibus,
786 3457 937 3536 dominis,
961 3457 1107 3523 Roberto
1138 3458 1179 3524 de
1203 3455 1359 3538 Olifford',

310 3561 437 3626 Thema
458 3561 499 3626 de
515 3559 765 3645 Whyteworth',
785 3558 957 3640 militibus,
980 3559 1135 3624 Johanne
1157 3559 1199 3625 de
1219 3559 1357 3640 Yeland,

310 3662 455 3730 Patricio
478 3663 518 3728 de
541 3661 698 3743 Kellawe,
723 3662 799 3728 Ada
821 3662 862 3727 de
884 3660 1023 3749 Boghes,
1047 3667 1083 3727 et
1104 3661 1186 3728 aliis.
1231 3661 1357 3728 Datum

310 3765 398 3852 apud
421 3764 632 3844 Middslham,
655 3761 738 3832 xix0.
774 3763 828 3829 die
862 3763 1069 3842 Novembris,
1102 3784 1190 3829 anno
1221 3764 1356 3831 Domini
1405 3804 1409 3812 -

310 3873 370 3934 etc.
396 3863 538 3954 [u⁰.ccc,]
564 3862 646 3952 xij⁰.‚
670 3871 705 3932 et
727 3865 937 3952 pontificatus
960 3864 1065 3930 nostri
1087 3865 1240 3933 secundo.

218 4129 220 4133 .
311 4115 389 4168 cm
438 4114 547 4167 walteri
621 4065 752 4132 Christi
784 4065 939 4132 fidelibus
972 4066 1136 4132 universis
1165 4070 1278 4154 pateat
1299 4089 1357 4154 per
1369 4090 1496 4188 ffiss,

309 4185 341 4234 ue
364 4183 498 4260 Gosewyk’
515 4185 547 4232 ce
580 4173 765 4254 praesentes,
801 4169 889 4254 quod
923 4189 992 4247 nos,
1024 4167 1192 4249 Ricardus,
1223 4191 1514 4256 parma-somnos

309 4251 430 4301 mm·
580 4270 670 4337 sione
698 4271 821 4349 divina,
844 4271 1077 4336 Dunolmensis
1099 4272 1278 4360 episcopus,
1301 4242 1517 4338 deihiiihawd'

310 4375 420 4442 dimus
437 4379 471 4440 et
493 4372 708 4440 concessimus
734 4373 853 4438 dilecto
885 4378 920 4438 et
952 4372 1043 4440 fideli
1069 4379 1188 4452 nostro,
1210 4375 1357 4441 Waltero
1369 4344 1491 4456 didicis

310 4477 351 4544 de
374 4475 557 4561 Gosewyk',
580 4475 762 4540 custodiam
778 4475 926 4540 omnium
948 4479 1110 4540 terrarum
1133 4480 1168 4546 et
1190 4445 1510 4556 tenemen·i¹¹0i1i¹iff⁰¹

310 4586 420 4646 torum
459 4599 533 4664 quae
567 4577 703 4643 fuerunt
733 4577 898 4643 Johannis
927 4576 968 4642 de
1000 4577 1222 4666 Neubigging,
1253 4544 1526 4697 nuperffiffiflss·

234 4725 238 4732 ·
311 4681 469 4762 defuncti,
493 4680 529 4746 in
552 4679 712 4747 comitatu
734 4679 775 4745 de
798 4678 955 4757 Norbam,
975 4685 1010 4746 et
1032 4681 1068 4745 in
1091 4701 1207 4748 manus
1229 4648 1516 4800 nffiifflss'fflffig,
