3566 5712
473 801 670 898 susurrari
693 845 894 902 rnurnunr
916 851 1157 906 narrrunrsu
1250 841 1336 909 1009

120 1029 386 1095 Arx-araaabrevi
408 1034 521 1096 nostro
542 1033 636 1098 vobis
659 1033 735 1099 indo
758 1035 904 1117 direct0;
934 1059 993 1103 vos
1015 1043 1143 1125 partem
1165 1039 1338 1125 praedicto·
1368 1054 1492 1107 annua

291 1152 366 1195 rum
403 1134 530 1200 recordi
563 1140 597 1198 et
627 1155 794 1222 processus
831 1137 926 1203 nobis
963 1139 1108 1219 misistis,
1142 1141 1338 1208 mandantes

291 1233 379 1318 quod
401 1233 535 1320 plenum
557 1237 726 1312 recordum
741 1238 784 1302 ad
798 1242 880 1306 ωηο
902 1240 996 1306 nobis
1018 1241 1097 1307 inde
1118 1241 1250 1310 mittere
1272 1264 1339 1308 non

210 1361 217 1378 ·
279 1334 456 1418 potuistis,
478 1356 538 1423 pro
560 1357 597 1402 eo
619 1338 706 1422 quod
728 1342 889 1406 testatum
911 1341 984 1422 fuit,
1003 1365 1112 1410 coram
1134 1345 1236 1423 vobis,
1251 1344 1339 1430 quod

290 1436 468 1520 praedictus
490 1437 667 1518 Johannes,
691 1441 857 1526 quondam
880 1443 933 1507 vir
955 1444 1122 1529 praedictae
1152 1445 1231 1524 Idae,
1254 1445 1338 1511 obiit

290 1537 421 1603 saisitus
452 1539 492 1605 de
522 1541 687 1626 praedictis
724 1543 879 1609 maneriis
910 1567 969 1630 per
1002 1545 1099 1631 quod,
1129 1546 1171 1611 de
1208 1546 1338 1612 damnis

289 1653 362 1724 quae
393 1641 506 1706 eadem
539 1641 601 1707 Ida
629 1643 798 1723 sustinuit,
826 1646 993 1712 occasione
1023 1647 1223 1713 detentionis
1254 1668 1337 1733 prae·

289 1740 387 1808 dictae
410 1741 497 1807 dotis
519 1764 596 1822 suae,
619 1745 767 1811 nondum
788 1745 896 1812 fuerat
911 1747 1128 1833 inquisitum3
1150 1769 1335 1834 superque
1392 1805 1395 1812 r

288 1847 398 1929 partes
420 1845 587 1931 praedictas
609 1846 797 1912 babuenmt
819 1848 905 1914 diem
928 1870 1035 1915 coram
1052 1847 1154 1927 vobis,
1170 1849 1224 1914 die
1238 1847 1335 1916 Jovis

256 1949 261 1954 “
288 1945 323 2042 in
345 1946 530 2033 septimana
545 1947 678 2015 Paschae
701 1949 852 2035 proximo
874 1952 1062 2036 praeterita:
1085 1950 1179 2015 vobis
1201 1952 1337 2018 manda·

286 2068 368 2126 mus,
391 2049 477 2116 sicut
497 2049 590 2135 prius
612 2050 708 2116 vobis
731 2051 969 2130 mandavimus,
992 2051 1082 2136 quod
1112 2052 1140 2116 si
1162 2051 1334 2138 inquisitio

285 2149 444 2235 praedicta
466 2155 562 2237 capta
585 2151 637 2229 sit,
661 2155 695 2216 et
721 2149 884 2235 judicium
921 2151 999 2216 inde
1028 2150 1195 2217 redditum
1224 2152 1333 2231 firerit,

187 2304 191 2314 .
284 2255 366 2318 ωηο
388 2252 466 2316 inde
488 2251 623 2338 plenum
648 2253 818 2319 recordum
852 2252 946 2318 nobis
977 2252 1047 2318 sine
1074 2254 1232 2320 dilatione
1254 2254 1332 2318 mit-

284 2353 373 2430 tatis,
396 2373 464 2433 una
486 2373 561 2420 cum
582 2352 676 2418 brevi
706 2353 866 2441 originali,
889 2357 925 2420 et
954 2354 1061 2441 primo
1090 2355 1185 2420 brevi
1218 2360 1330 2421 nostro

283 2453 324 2516 de
346 2453 503 2539 praedicto
525 2454 658 2522 recordo
688 2458 722 2520 et
744 2475 894 2541 processu
919 2454 1014 2520 nobis
1040 2455 1220 2534 mittendis,
1245 2456 1327 2522 alias

283 2555 378 2620 vobis
412 2556 543 2634 directa
575 2561 610 2622 et
644 2555 705 2625 hoc
739 2556 848 2636 breve,
879 2561 918 2622 ut
951 2561 1033 2625 ωηο
1058 2556 1130 2621 fieri
1167 2556 1323 2625 faciamus

283 2659 372 2742 quod
404 2658 534 2743 justum
572 2657 672 2724 fuerit
713 2657 749 2723 in
785 2658 848 2726 hac
886 2662 986 2744 parte.
1068 2658 1193 2726 Datum
1237 2658 1326 2746 apud

283 2759 470 2839 Evenwod’,
506 2759 579 2846 xij0.
614 2761 668 2825 die
704 2759 809 2839 Junii,
847 2760 1061 2847 pontificatus
1098 2760 1203 2828 nostri
1241 2779 1330 2826 anno

154 3081 157 3086 ’
281 3107 363 3158 Breve
374 3105 469 3157 domm
477 3119 576 3172 regis
623 3065 815 3143 Edwardus,
848 3064 912 3132 Dei
948 3066 1062 3154 gratis,
1099 3087 1157 3133 rex
1188 3067 1327 3164 Augilas,
1368 3082 1463 3130 imras

282 3174 313 3224 de
338 3174 502 3225 deeimax
456 3188 502 3225 sex
502 3189 546 3225 en·
578 3167 731 3233 dominus
762 3166 942 3249 Hiberniae,
966 3175 1000 3234 et
1025 3169 1100 3234 dux
1125 3159 1327 3256 Aquitaniae,
1340 3143 1484 3241 attilii

578 3269 805 3337 venerabili
795 3292 832 3334 m
870 3269 1002 3336 Christo
1042 3275 1139 3356 patri,
1102 3271 1327 3350 rrRicardo,
1339 3245 1424 3388 ffiim
1372 3247 1498 3399 ‚aff

282 3374 395 3440 eadem
431 3376 506 3460 grat
507 3372 548 3452 ia,
577 3371 735 3458 episcopo
772 3370 994 3460 Dunelmensi,
1034 3371 1181 3439 salutem.
1239 3372 1324 3440 Cum
1340 3397 1458 3492 popovra
1531 3429 1534 3440 .

281 3475 383 3541 felicis
404 3473 638 3541 recordationis
654 3472 813 3551 Clemens,
828 3493 933 3560 nuper
955 3473 1047 3559 Papa
1063 3473 1216 3554 Quintus,
1232 3473 1319 3541 deai-

281 3598 370 3645 mam
402 3575 624 3643 sexennialem
655 3574 740 3641 clero
762 3573 901 3661 Angliae,
934 3573 1107 3640 Hiberniae
1138 3579 1173 3640 et
1195 3573 1327 3654 Scotiae,

281 3680 469 3767 peripsum
490 3679 687 3766 impositam,
709 3682 744 3743 et
774 3677 882 3742 adhue
911 3682 1103 3757 cmrentem,
1126 3676 1222 3744 nobis
1252 3697 1328 3743 con·

281 3782 428 3848 cessisset
450 3786 484 3848 at
505 3782 710 3869 assignasset,
727 3779 770 3846 ad
794 3800 875 3866 opus
898 3785 1047 3847 nostrum
1069 3779 1245 3848 levandam
1257 3805 1265 3862 ;
1288 3779 1326 3847 aa

276 3885 348 3971 jam
370 3883 637 3962 intellexerimus,
658 3883 747 3971 quod
762 3883 912 3970 quaedam
933 3904 1081 3971 personae
1096 3883 1328 3962 ecclesiasticae,

280 3991 350 4054 tam
372 3987 532 4075 religiosae
554 4007 654 4074 quam
676 3985 757 4064 aliae,
774 3987 898 4054 dictam
921 3986 1080 4052 decimam
1102 3985 1228 4052 solvere
1250 4006 1327 4052 con·

279 4089 457 4167 tradicunt,
480 4093 514 4154 et
535 4088 703 4155 mandatis
721 4089 840 4154 vestris
862 4109 960 4175 super
974 4086 1162 4154 collectione
1184 4092 1219 4153 et
1239 4087 1329 4154 leva-

279 4192 369 4260 tione
391 4190 538 4278 ejusdem
561 4191 705 4272 decimae,
729 4195 895 4277 praetextu
921 4191 1037 4257 mortis
1066 4189 1197 4276 praefati
1220 4211 1323 4276 papae,

279 4315 347 4360 non
368 4291 535 4372 obediunt,
559 4297 598 4358 ut
628 4293 793 4376 deberent,
816 4292 905 4359 unde
927 4291 1136 4372 admiramur,
1164 4312 1232 4358 ηοη
1254 4291 1326 4358 sine

279 4416 384 4474 causa,
408 4399 443 4460 et
463 4395 644 4476 turbamur,
667 4396 849 4482 praesertim
876 4417 951 4461 cum
976 4394 1137 4462 concessio
1164 4398 1198 4459 et
1220 4393 1321 4482 assig-

279 4499 371 4566 natio
393 4499 490 4566 dictae
512 4499 654 4579 decimae,
678 4498 772 4563 nobis
804 4498 850 4564 sic
871 4495 966 4564 factae
998 4520 1056 4584 per
1079 4499 1218 4563 mortem
1241 4519 1326 4584 prae·

279 4603 340 4668 fati
361 4623 464 4690 papae,
487 4601 631 4668 maxime
652 4621 687 4666 re
717 4621 785 4666 non
813 4599 951 4688 integra,
973 4621 1040 4667 non
1065 4599 1213 4670 ¹debeant
1235 4598 1328 4685 expi-

278 4728 368 4777 rare:
392 4729 461 4790 nos,
477 4707 685 4778 attendentes
697 4693 990 4778 contradictionem
1006 4712 1041 4774 et
1068 4704 1326 4774 inobedientiam

368 4827 444 4880 von
468 4827 505 4876 11.
1171 4827 1195 4876 r
