3530 5708
383 720 448 820 762
564 735 764 788 eremmon
786 731 986 786 rmsrmcn
1007 731 1250 786 ommrmuse

227 935 349 984 inme.
388 923 568 992 Ricardum
600 925 787 990 assecutum
808 921 908 987 frrisse
929 919 1037 1008 primo
1070 920 1133 987 sub
1154 918 1363 998 commendae,
1392 921 1598 992 etaemus
1726 901 1727 976 i

385 1025 595 1116 postmodum
633 1024 828 1105 collationis,
854 1023 956 1091 titulo
1001 1023 1167 1091 ecclesiam
1200 1027 1424 1104 memoratam,

383 1152 442 1218 per
463 1129 578 1197 literas
592 1127 725 1217 praefati
739 1125 986 1214 praedecessoris
1007 1127 1114 1192 nostri
1128 1125 1206 1193 inde
1228 1125 1291 1193 sibi
1314 1125 1425 1205 sectas,

381 1236 482 1320 prout
514 1231 552 1297 in
576 1232 690 1298 eodem
722 1231 864 1318 registro
886 1226 1066 1317 reperimus
1088 1229 1150 1295 sub
1172 1228 1344 1296 tenoribus
1366 1228 1424 1314 qui

377 1333 793 1421 sequentum-Antonius
815 1335 874 1412 etc,
889 1337 931 1398 ct
951 1329 994 1398 im
1015 1328 1168 1417 chietro
1190 1330 1344 1418 ejusdem,
1364 1328 1425 1396 scd

378 1457 474 1503 coeo
495 1433 643 1503 Domini
657 1433 839 1502 milicem
852 1447 935 1501 come
950 1433 1169 1520 nonogesimo
1184 1431 1282 1500 tertio
1298 1439 1328 1500 et
1348 1453 1424 1500 coc-

378 1535 577 1608 cecrctiono'e
600 1537 748 1623 ejusdcm
770 1535 905 1604 dccinw.
951 1535 993 1600 In
1015 1557 1154 1622 quorum
1169 1535 1269 1602 fidem
1282 1538 1318 1601 et
1331 1534 1424 1601 testi-

377 1639 524 1705 monium
556 1639 701 1726 sigillum
735 1643 886 1704 nostrum
908 1637 1123 1725 praesentibus
1145 1638 1303 1704 duximus
1324 1659 1423 1725 appo-

377 1841 585 1925 Novembris,
607 1864 695 1910 enno
719 1842 856 1909 Domini
878 1842 1052 1908 millesimo
1076 1837 1151 1910 ccc⁰.
1170 1839 1422 1929 quintodecimo,

376 1947 410 2014 et
436 1944 686 2012 consecrationis
712 1949 835 2010 nostroe
861 1945 1003 2032 quinto..

209 2166 366 2264 fflfflffl
377 2186 609 2269 Aequoreusque·
688 2145 812 2213 Christi
846 2144 999 2211 fidelibus
1028 2145 1193 2263 universis
1225 2149 1339 2234 petest
1366 2165 1423 2264 per

71 2299 74 2306 .
209 2268 344 2362 umescens
377 2272 439 2307 mm
455 2256 560 2344 nobem
579 2257 610 2306 ue
643 2252 830 2336 praesentes,
859 2247 947 2335 quod
976 2268 1049 2328 nos,
1085 2248 1257 2330 chcrdus,
1287 2269 1423 2335 permis·

193 2324 533 2463 ffiffifpppmpm'
646 2352 737 2416 sione
761 2349 884 2428 divine,
908 2348 1142 2415 Dunolmensis
1166 2349 1346 2438 episcopus,
1372 2373 1423 2417 re·

207 2468 314 2562 meg
309 2469 368 2564 epp
378 2455 531 2542 cepimus,
554 2475 612 2541 per
633 2473 751 2518 manus
774 2451 899 2516 domini
928 2451 1048 2538 Rogeri
1078 2452 1119 2518 de
1150 2451 1293 2536 Sexton’,
1318 2452 1424 2518 cleriei

207 2531 321 2614 nete
377 2558 491 2640 noem,
515 2561 549 2622 ee
571 2555 729 2623 wilelmi
752 2555 792 2620 ce
815 2554 1043 2640 Homeby,do
1065 2551 1425 2621 commonentem

377 2659 578 2747 Brompton’‚
600 2662 766 2743 receptore
783 2661 896 2723 nostro
919 2655 1147 2736 Dunolmensi,
1170 2657 1276 2724 sexies
1299 2656 1423 2746 viginti

375 2762 476 2828 libras
509 2760 742 2847 sterlingorum
774 2758 816 2825 de
849 2757 995 2824 exitibus
1034 2759 1184 2826 scaccarii
1225 2759 1332 2826 nostri
1361 2759 1423 2826 loci

374 2863 532 2952 proedicti.
585 2862 628 2926 In
654 2859 747 2946 cujus
772 2861 821 2927 rei
846 2861 1084 2945 testimonium,
1114 2867 1291 2948 praesentes
1314 2863 1424 2928 literas

376 2967 464 3032 dicto
480 2963 612 3030 domino
627 2962 773 3028 Roberto
788 2962 861 3028 fieri
875 2962 1010 3030 fecimus
1032 2967 1193 3050 petentes,
1205 2963 1305 3052 sigiiii
1318 2964 1424 3030 nostri

375 3067 560 3135 munimine
594 3064 772 3132 roboretcs
828 3065 955 3132 Datum
984 3066 1074 3152 opud
1102 3065 1133 3130 le
1157 3065 1326 3146 Welbuile,
1348 3063 1422 3153 iiij0.

375 3171 430 3239 die
450 3167 649 3248 Decembris,
671 3165 921 3234 consecrationis
943 3171 1065 3234 nostres
1086 3188 1174 3235 enno
1197 3167 1323 3255 quinto.

206 3395 338 3458 csttonn-
374 3407 466 3460 nitere
488 3405 574 3460 ω,
652 3369 825 3452 Ricardus,
883 3367 1097 3455 permissione
1134 3369 1257 3451 divine,
1295 3370 1424 3437 Dunol-

206 3458 338 3590 fftiip
375 3474 456 3526 ⁸⁰n'ae·
606 3472 728 3539 mensis
759 3470 936 3559 episcopus,
966 3470 1086 3537 dilecto
1116 3472 1196 3555 filio,
1218 3472 1352 3540 Tbcmae
1383 3474 1424 3540 de

207 3559 357 3651 usidiirgi.
375 3575 596 3662 Bsunburgh',
619 3575 743 3652 clerice,
767 3573 916 3652 sulutem,
932 3573 1074 3659 gretiam
1097 3579 1132 3639 et
1152 3575 1423 3644 benedictionem.

377 3675 573 3754 Deuotionis
605 3681 674 3741 tuse
712 3675 862 3761 precibus
897 3674 1057 3754 inclinati,
1095 3681 1135 3742 ut
1170 3698 1192 3742 c
1228 3700 1424 3768 quocunque

374 3777 523 3866 episcopo
546 3774 725 3860 catholico,
749 3775 844 3843 Sedis
864 3777 1053 3868 spostolicae
1073 3778 1217 3865 gretiam
1243 3781 1424 3862 obtinente,
1459 3845 1462 3850 .

374 3881 418 3947 ed
443 3880 596 3958 minores,
624 3899 705 3966 quos
727 3877 876 3944 nondum
898 3879 1059 3967 recepisti,
1083 3885 1117 3946 et
1140 3901 1252 3949 omnes
1273 3885 1422 3971 majores,

374 3983 515 4064 ordines,
550 3982 654 4048 libere
697 3980 810 4047 valeus
846 3981 1040 4068 promoveri,
1079 4004 1117 4048 eo
1153 4004 1222 4049 non
1259 3985 1422 4065 obstante,

373 4084 462 4174 quod
496 4083 538 4150 de
569 4087 683 4150 nostre
716 4081 848 4150 dioecesi
871 4081 1029 4149 oriundus
1051 4083 1184 4166 existes,
1208 4086 1288 4153 dum
1309 4093 1423 4156 temen

373 4185 588 4255 sufficientem
610 4185 749 4252 titulum
779 4182 943 4265 exhibeas,
968 4188 1003 4250 et
1025 4185 1117 4252 eliud
1139 4190 1332 4257 canonicum
1353 4213 1423 4258 non

374 4291 522 4368 obsistet,
555 4289 587 4354 ei
610 4286 799 4376 hujusmodi
828 4286 960 4354 ordines
981 4289 1179 4374 conferendi,
1199 4297 1235 4358 et
1256 4293 1320 4376 tibi
1341 4294 1423 4361 reci·

374 4391 496 4480 piendi,
531 4391 669 4456 liberem
706 4388 914 4456 concedimus
935 4389 1135 4460 facultatem
1182 4391 1225 4460 In
1246 4397 1340 4483 cujus
1373 4400 1422 4464 rei

374 4492 611 4575 testimonium,
634 4492 695 4558 hes
727 4493 841 4559 literas
861 4495 992 4559 nostros
1015 4491 1103 4560 dicto
1126 4494 1260 4564 Thomse
1280 4498 1362 4584 fieri,
1386 4505 1422 4566 et

377 4595 492 4661 nostro
514 4591 623 4678 sigillo
645 4593 782 4660 fecimus
795 4593 999 4662 communiri.
1031 4595 1158 4662 Datum
1172 4600 1263 4685 apud
1277 4600 1422 4682 Ricbsie,
