3506 5702
417 825 483 896 738
596 836 795 891 snorsrnuu
817 832 1021 886 rinsrrruu
1042 829 1284 884 nusnnunusr.

268 1052 390 1100 mm,
418 1013 542 1100 quium,
565 1013 653 1100 quod
684 1012 780 1078 nobis
803 1011 962 1076 hactenus
985 1008 1166 1076 studiosius
1188 1003 1388 1094 impendisti,
1411 1023 1461 1070 re·
1478 1021 1639 1076 mma.

419 1117 531 1202 quirat
551 1114 705 1182 munifice
727 1112 900 1202 praemiari,
916 1117 985 1180 tuae
1007 1115 1121 1178 umen
1142 1108 1318 1197 probitatis
1340 1105 1466 1183 merita,

419 1239 493 1304 quae
524 1222 559 1284 et
592 1217 771 1284 multorum
802 1214 992 1308 testimonio
1024 1210 1205 1280 laudabilia
1236 1210 1467 1298 predicantur,

419 1325 454 1384 et
480 1340 538 1406 per
560 1318 640 1384 facti
662 1317 899 1405 experientiam
927 1315 1083 1382 novimus
1105 1314 1372 1394 commendanda,
1396 1311 1467 1398 qui-

418 1421 564 1487 buslibet
586 1421 751 1506 obsequiis
769 1419 987 1508 praeferentes,
1002 1419 1046 1486 ad
1061 1423 1130 1484 tuas
1151 1415 1366 1505 promotionis
1388 1435 1468 1501 aug-

419 1528 569 1589 mentum
602 1523 798 1603 inducimur,
821 1527 856 1590 et
877 1520 1095 1590 ecclesiastico
1124 1518 1284 1586 beneficio
1306 1523 1351 1596 te,
1368 1517 1469 1602 juxta

419 1629 527 1692 status
551 1625 602 1690 tui
623 1625 879 1705 condecentiam,
901 1624 1059 1690 duximus
1089 1622 1324 1690 honorandum.
1380 1619 1469 1684 Hinc

420 1731 472 1794 est
502 1727 590 1812 quod
623 1727 781 1793 vicariam
815 1729 858 1792 de
879 1725 1049 1792 Wodhorn
1082 1747 1142 1813 per
1171 1729 1312 1792 mortem
1343 1721 1469 1788 domini

419 1829 559 1896 Roberti
589 1828 631 1895 de
662 1828 842 1914 Littelbiry
863 1833 1046 1907 vasentem,
1069 1834 1104 1895 et
1134 1829 1178 1894 ad
1206 1831 1352 1895 nostrum
1374 1825 1469 1892 colis·

308 1977 314 1990 ·
420 1931 545 1998 tionem
565 1932 662 2019 pleno
679 1932 756 2019 jure
778 1935 990 2019 spectantem,
1004 1953 1079 1998 oum
1101 1930 1168 1998 suis
1185 1930 1319 2018 juribus
1340 1935 1377 1995 et
1398 1949 1470 2016 per·

420 2032 572 2100 tinentiis
609 2033 779 2112 universis,
810 2033 875 2098 tibi
908 2032 1113 2112 conferimus,
1146 2032 1274 2099 intuitu
1311 2029 1469 2110 caritatis,

420 2141 520 2222 teque
544 2139 739 2224 perpetuum
762 2136 932 2215 vicarium,
955 2158 1030 2201 cum
1058 2155 1154 2201 onere
1176 2156 1263 2200 ourae
1293 2155 1331 2199 ac
1361 2153 1471 2219 perso·

421 2239 506 2303 natis
528 2238 726 2317 residentiae,
752 2236 960 2304 instituimus
993 2238 1031 2304 iu
1053 2237 1175 2305 eadem
1231 2236 1275 2302 In
1307 2235 1398 2321 eujus
1418 2232 1468 2298 rei

421 2340 658 2417 testimonium,
680 2339 739 2406 hes
773 2339 886 2405 literas
920 2343 1051 2406 nostras
1084 2339 1149 2404 tibi
1182 2338 1264 2415 fieri,
1287 2342 1322 2402 et
1357 2339 1470 2401 nostro

422 2441 530 2527 sigillo
560 2441 698 2506 fecimus
728 2440 932 2506 communiri.
990 2441 1115 2508 Datum
1148 2439 1237 2526 apud
1260 2437 1472 2514 Middelham,

422 2541 517 2608 xxv0.
551 2543 605 2607 die
638 2543 760 2608 mensis
798 2542 1008 2630 Septembris,
1048 2564 1135 2608 anno
1175 2531 1311 2607 Domini
1348 2537 1472 2606 u⁰.eoc⁰.

424 2643 678 2729 quintodecimo,
701 2648 736 2710 et
758 2644 1011 2710 consecrationis
1032 2649 1155 2711 nostres
1177 2643 1301 2730 quinto

259 2891 383 2939 Imm
391 2881 510 2936 ΘΗΜ,
512 2883 548 2933 tio
632 2850 795 2918 Ricardus
826 2855 895 2929 etc,
927 2841 1045 2918 dilecto
1075 2850 1155 2930 filio,
1177 2849 1311 2916 domino
1333 2901 1339 2916 .
1364 2902 1371 2916 .
1396 2900 1402 2915 .
1425 2883 1475 2928 ar-

260 2944 404 3039 m&
428 2950 548 3013 ejudem
581 2952 771 3019 chidieeono
818 2951 1077 3035 Nerthumbrise,
1118 2953 1175 3018 vel
1222 2952 1294 3038 ejus
1339 2951 1477 3026 officiati,

259 3044 396 3146 ¹¹³2,ssOE
429 3055 579 3134 sulutem,
601 3053 743 3141 gratiam
766 3059 800 3121 et
822 3055 984 3122 benedict
960 3059 1092 3122 bouem.
1147 3054 1234 3134 Quia
1256 3054 1377 3121 dilecto
1398 3053 1476 3130 filio,

259 3145 386 3192 mm
429 3157 562 3224 domino
595 3155 743 3222 Galfrido
773 3157 815 3222 de
849 3157 1022 3223 Edenhnm
1054 3157 1232 3244 capellano,
1255 3157 1413 3223 vicariam
1435 3155 1476 3219 de

430 3257 611 3337 Wodhorn,
633 3279 691 3344 per
722 3262 862 3323 mortem
884 3259 1010 3324 domini
1043 3259 1178 3326 Roberti
1214 3260 1257 3325 ds
1289 3258 1476 3342 Littelbiry‚

430 3381 534 3447 nuper
555 3359 671 3426 vicarii
661 3359 840 3446 ejusdem,
862 3364 1046 3440 vacantem,
1068 3367 1103 3427 et
1133 3361 1177 3427 ad
1206 3366 1355 3427 nostram
1377 3359 1474 3425 colla

429 3462 555 3530 tionem
577 3462 675 3550 pleno
693 3460 770 3548 jure
792 3466 1003 3548 spectantem,
1019 3483 1094 3528 cum
1116 3463 1184 3529 suis
1201 3464 1334 3550 juribus
1349 3467 1384 3528 et
1405 3483 1478 3549 per·

430 3565 583 3630 tinentiis
614 3563 786 3641 universis,
811 3563 1003 3630 duxerimus
1037 3565 1275 3646 conferendam,
1305 3567 1477 3652 ipsumque

432 3667 591 3733 vicarium
629 3664 871 3731 instituerimus
909 3666 945 3730 in
983 3666 1116 3751 eadem3
1152 3667 1247 3734 vobis
1283 3667 1478 3734 mandamus

433 3772 595 3853 quatenus
627 3766 764 3832 eundem
790 3767 985 3847 Galfridum,
1012 3789 1069 3834 seu
1102 3773 1345 3856 procuratorem
1375 3767 1478 3854 ipsius

432 3869 573 3948 nomine,
595 3868 632 3933 in
663 3868 860 3955 corporalem
890 3871 1124 3956 possessionem
1152 3872 1254 3958 ipsius
1277 3871 1408 3938 vicariae
1430 3871 1479 3934 in-

433 3972 569 4051 ducatis,
585 3976 620 4039 et
633 3970 815 4051 inductum,
830 3977 929 4058 prout
951 3975 1114 4053 convenit,
1129 3974 1320 4040 defendatis
1356 3972 1478 4038 Valete.

433 4074 558 4156 Datum
581 4073 671 4161 apud
693 4073 905 4153 Middelham,
928 4074 983 4141 die
1005 4081 1149 4145 stanno
1172 4075 1379 4164 supradictis.

309 4301 409 4350 eun
433 4313 518 4381 Aequi
519 4314 616 4367 cuneis
712 4273 886 4340 Universis
924 4279 1038 4362 pateat
1074 4297 1133 4365 per
1168 4284 1353 4366 praesentes,
1394 4275 1480 4365 quod

265 4366 400 4508 ᾓξῗωῗ
313 4366 417 4411 mim
391 4377 499 4433 ⁰⁰free
520 4381 632 4434 Johami
665 4395 733 4457 nos,
768 4377 937 4460 Ricardus,
960 4378 1173 4465 permissione
1195 4381 1319 4464 divina
1352 4380 1481 4448 Dunol·

265 4466 364 4568 ¹'⁰0¹¹⁰}¹5
381 4427 597 4511 ‘mmm‘
664 4477 785 4544 mensis
807 4479 986 4566 episcopus,
1009 4483 1189 4570 recepimus
1211 4503 1270 4570 per
1284 4505 1400 4550 manus
1422 4483 1481 4548 J
1448 4505 1481 4548 ο

265 4527 375 4662 ffiiffi
434 4577 553 4644 hannis
590 4580 631 4644 de
665 4578 816 4660 Pollowe,
838 4585 1087 4668 sequestratoris
1124 4587 1239 4666 1108&i
1262 4586 1483 4674 quadfflgfflffl

265 4669 406 4763 Βῦῗέξζο
360 4669 574 4760 ¹¹⁰¹libras,
564 4703 600 4746 m
616 4681 735 4768 quibus
749 4690 937 4752 executores
952 4685 1078 4752 domini
1087 4687 1226 4755 Roberti
1240 4688 1281 4754 de
1298 4689 1353 4756 Int
1338 4689 1482 4776 ttelbiry‚

264 4769 395 4822 Littelbiry.
