3570 5718
433 873 435 878 .
505 835 704 888 nuorsmuu
725 833 929 887 murnum
951 837 1191 889 uminuuunsu
1310 826 1376 891 943

158 1027 318 1083 rursusi.
327 1007 371 1094 vj.
382 1005 420 1074 li.
435 1007 492 1094 xij.
502 1028 526 1074 s.
541 1007 574 1096 ij.
585 1005 615 1074 cl.
632 1027 690 1096 per
703 1006 901 1094 magistrum
915 1005 940 1073 J
940 1007 1106 1074 ohannem
1121 1008 1161 1074 do
1177 1008 1370 1096 Sneynion'‚
1409 1020 1465 1066 w·
1474 1024 1533 1068 ιω.

328 1110 482 1178 olerioum
501 1114 660 1188 nostrum,
675 1108 719 1175 ud
740 1108 942 1196 quindenam
966 1108 1106 1188 Pnechae,
1123 1116 1157 1176 et
1180 1111 1321 1180 Riosrdo
1336 1111 1377 1178 de

328 1212 559 1300 Brighlewell',
574 1209 700 1278 mli.
716 1209 764 1296 iij.
774 1233 801 1278 o.
815 1212 858 1298 vj.
868 1211 909 1290 cl,
924 1232 983 1298 per
1004 1211 1199 1278 mandalum
1221 1218 1377 1292 vestrum,

277 1341 282 1354 ·
328 1313 417 1380 unde
447 1314 606 1380 hebemus
637 1312 766 1380 muium
788 1310 831 1378 de
861 1312 1039 1392 emeseno,
1065 1335 1165 1399 quem
1196 1316 1377 1402 recepimus

329 1414 370 1480 de
397 1414 485 1484 dieto
515 1412 663 1492 Rioordo,
693 1413 862 1480 residuum
895 1415 990 1480 vobis
1020 1415 1208 1498 mittimus3
1240 1417 1373 1496 sulcet,

255 1579 258 1586 r
329 1515 461 1602 xliijo'.

373 1617 425 1684 De
462 1616 584 1683 debitis
619 1616 750 1682 ebboiis
783 1617 824 1682 de
857 1613 1031 1696 Alnevvik’‚
1063 1618 1120 1705 qui
1154 1624 1205 1685 eso
1237 1638 1377 1706 persona

328 1718 536 1804 ecelesiarum
563 1717 604 1785 de
627 1717 793 1797 chellon,
816 1718 1083 1806 Ohevelingm
1107 1719 1255 1803 Fenlon’,
1279 1720 1377 1807 Ship-

329 1820 497 1908 lingboteL
527 1819 699 1898 Alnehem,
729 1823 764 1886 ei
794 1818 962 1905 Loeebiry,
985 1820 1028 1885 sd
1058 1821 1240 1889 volentiam
1271 1821 1377 1892 lirnlo'.

330 1921 374 2008 vj.
384 1943 410 1988 e.
424 1921 494 2006 viij.
505 1921 546 2000 d„
561 1921 721 1988 hebemus
743 1920 851 1999 breve,
866 1920 955 2006 quod
971 1921 994 1986 J
995 1921 1140 1988 ohannes
1155 1922 1196 1988 de
1212 1922 1373 2008 Kirkeby,

329 2044 435 2110 nuper
456 2024 637 2090 vicecomes
667 2021 926 2102 Norlhumbriae,
942 2022 1043 2088 solvil
1065 2045 1123 2108 pro
1147 2023 1270 2103 eodem,
1292 2046 1325 2088 x·
1341 2024 1377 2090 bi.

331 2130 366 2189 et
387 2125 475 2189 idem
497 2123 601 2190 obbas
635 2126 834 2188 exonerniur
856 2121 900 2188 ad
931 2123 1136 2192 Sessorium
1158 2128 1307 2191 vestrum
1337 2125 1378 2190 de

331 2224 462 2310 xliijli.
476 2225 521 2309 vj.
533 2245 556 2291 e.
580 2224 649 2309 viij.
662 2223 717 2305 d.;
748 2227 783 2288 ei
804 2223 845 2288 de
867 2223 998 2290 residuo
1028 2226 1306 2310 sequestravimus
1335 2226 1379 2292 sd

331 2325 515 2392 velentium
537 2346 611 2404 o.s.,
632 2325 676 2388 ed
698 2345 772 2410 quae
793 2325 942 2390 nondum
963 2325 1153 2391 invenimus
1175 2332 1345 2414 emptores.

376 2427 428 2494 De
458 2426 607 2513 portione
641 2424 779 2490 Roberti
817 2426 858 2492 de
890 2425 1070 2512 Wyoombe
1103 2427 1141 2492 in
1171 2429 1306 2496 ecelesia
1338 2428 1380 2494 de

332 2528 511 2609 Auklsnd',
532 2548 600 2592 non
629 2526 811 2592 debebatur
842 2525 910 2591 nisi
939 2527 1007 2613 viij.
1018 2527 1054 2594 li.
1085 2529 1171 2596 siout
1199 2536 1293 2616 patet
1323 2552 1381 2618 per

332 2633 398 2698 duo
422 2630 537 2696 brevis
557 2628 649 2717 prius
682 2628 778 2694 nobis
800 2628 918 2711 missn3
942 2650 1018 2714 quae
1043 2630 1113 2716 viij.
1123 2630 1158 2698 li
1180 2633 1225 2696 ed
1247 2633 1381 2700 Scaeuo-

333 2734 419 2800 rium
445 2737 524 2798 sunt
547 2730 672 2809 solutos,
695 2729 782 2796 sieut
811 2729 1043 2796 mandavimus
1064 2753 1085 2798 s
1110 2733 1165 2800 dio
1188 2731 1321 2802 Pneohee
1344 2735 1380 2799 in

332 2857 389 2900 xv.
412 2833 491 2914 dies,
514 2854 572 2920 per
593 2836 764 2899 retornum
787 2831 899 2897 brevis
922 2833 1034 2900 vestm

376 2937 428 3002 De
449 2935 545 3001 bonis
575 2955 722 3020 personae
751 2934 793 3000 de
823 2933 984 3014 Quiohom
1015 2938 1227 3022 sequestretis
1256 2938 1300 3003 od
1322 2959 1380 3004 vu-

332 3037 469 3104 lentinm
492 3057 516 3103 o.
529 3057 562 3113 s,
584 3035 670 3100 nihil
699 3034 811 3102 levore
841 3057 1021 3122 possumus,
1044 3037 1123 3122 quie
1152 3039 1188 3104 in
1213 3044 1382 3127 sequeslro

333 3143 447 3206 nostro
469 3138 724 3225 asportabantur
745 3157 805 3223 per
830 3136 919 3203 fures
941 3143 977 3204 el
997 3137 1188 3208 Shevoldos.
1235 3140 1291 3206 Ad
1314 3141 1381 3206 sliu

332 3241 420 3307 bone
448 3240 540 3327 prius
574 3243 786 3325 sequestrata,
808 3239 956 3306 nondum
992 3240 1181 3308 invenimus
1210 3247 1381 3329 emptores,

334 3347 469 3431 propter
491 3345 616 3406 melum
639 3340 836 3407 Scottorum.

377 3444 430 3511 De
449 3441 568 3509 bouis1
590 3463 737 3528 personae
758 3441 901 3510 ecelesiae
924 3441 965 3508 de
981 3442 1180 3530 Ovinghem,
1197 3443 1238 3508 de
1258 3443 1382 3510 vicario

335 3545 376 3612 de
399 3543 618 3623 Hautmssffl’,
641 3543 682 3608 de
704 3544 829 3610 vioerio
852 3544 893 3609 de
916 3543 1083 3622 Ildreion',
1105 3544 1190 3608 nihil
1212 3545 1383 3610 invenitur

334 3646 521 3728 levandum,
545 3643 597 3710 vel
634 3644 926 3731 sequestrandum
963 3643 1052 3730 quod
1088 3665 1201 3710 eorum
1239 3646 1383 3714 eoelesiae
1435 3697 1438 3704 .

336 3753 416 3814 sunt
438 3746 627 3825 combustae,
650 3751 684 3812 et
705 3745 869 3833 pnroohiae
891 3744 1075 3814 destructe.
1180 3757 1184 3762 '

380 3847 430 3913 De
452 3868 593 3934 persone
615 3846 756 3916 eoelesiae
784 3846 826 3914 de
847 3846 1016 3934 Hoghton’
1039 3848 1197 3917 hebemus
1219 3851 1319 3918 breve
1342 3850 1382 3915 de

336 3949 583 4036 supersedendo.

337 4184 527 4238 Brevedominl
542 4201 581 4237 re-
660 4113 869 4232 ¹Eolvrordus,
903 4153 968 4220 Dei
1004 4153 1121 4242 gretia,
1152 4177 1212 4224 rex
1242 4157 1525 4243 Anglinmnnae.

337 4254 441 4372 {lesmllrtl
454 4253 581 4307 willelmo
630 4253 782 4320 dominus
799 4254 994 4370 ‘Hiberniae,
1017 4261 1051 4321 el
1081 4256 1152 4322 dux
1182 4256 1382 4344 Aquiloniae,
1395 4229 1552 4370 &ffiw'

440 4356 448 4371 '
628 4354 809 4421 venerabili
846 4356 883 4422 in
922 4355 1054 4425 chrisio
1097 4357 1194 4444 petri,
1233 4358 1383 4440 Ricardo,
1396 4375 1495 4424 sumt.

338 4457 452 4526 eodem
478 4455 627 4546 walis}
650 4457 784 4524 domino
813 4458 963 4546 episeopo
986 4458 1211 4541 Dunolmensi,
1235 4459 1383 4530 sulutem.
1477 4505 1480 4512 ,

663 4693 671 4723 ¹
683 4691 726 4746 De
737 4691 820 4760 bonis]
835 4693 875 4744 De
885 4694 953 4746 bons
963 4693 990 4746 in
1000 4693 1058 4746 MS.
