3362 5720
389 841 587 894 nuersrnuu
610 840 812 892 remunero
834 835 1078 892 nurnuunnsn
1169 822 1256 888 1295

42 1047 289 1110 Anflnisctcm
308 1056 430 1109 wmepmp
508 1023 670 1091 Omnibus
692 1024 778 1090 hane
799 1030 923 1090 dariam
945 1023 1067 1090 visuris
1088 1024 1142 1090 Vol
1163 1024 1257 1091 cudi·
1288 1034 1410 1079 Adimi·

212 1123 406 1190 nenecess-
463 1125 556 1203 suris,
572 1124 741 1202 umens,
756 1124 969 1211 permissione
984 1124 1107 1206 uvius,
1130 1096 1409 1206 umor-tuiti„

213 1223 334 1290 mensis
371 1224 548 1314 episeopus,
586 1225 727 1290 salutem
764 1225 802 1290 in
832 1224 976 1291 Domino
1015 1225 1255 1312 sempiternum.
1270 1196 1409 1306 deffflnuniad

212 1323 384 1390 Noveritis
406 1346 467 1390 nos
488 1325 624 1402 dedisse,
646 1325 851 1403 concessisse,
865 1325 976 1392 etheo
998 1326 1152 1412 praesenti
1167 1295 1392 1438 meffiiitbt

211 1430 326 1490 nostre
357 1425 572 1506 confirmasse,
606 1425 726 1494 dilecto
756 1431 792 1493 et
823 1426 914 1492 fideli
944 1432 1068 1506 nostro,
1089 1425 1255 1492 Willelmo
1269 1405 1417 1537 ciffis,
1472 1459 1485 1494 ι

211 1526 253 1592 de
284 1525 449 1613 Hesilrig',
481 1527 703 1611 quantumin
736 1526 833 1592 nobis
862 1532 922 1610 est,
949 1549 1061 1593 omnes
1095 1532 1200 1593 terres
1222 1530 1257 1590 et
1269 1507 1341 1588 suen.

211 1627 322 1692 omnio
366 1632 563 1706 tenemento,
609 1650 685 1714 quse
729 1629 896 1714 quondam
941 1630 1078 1695 fuerunt
1122 1627 1256 1693 Thomoe

212 1727 415 1794 Chauneeler
454 1729 489 1794 in
528 1729 742 1809 Oembheus';
780 1728 968 1796 habendum
1005 1736 1041 1795 et
1075 1727 1255 1795 tenendum

211 1829 321 1895 omnio
342 1830 501 1915 predicte
523 1835 722 1908 tenemente,
743 1850 818 1896 cum
841 1829 910 1896 suis
931 1829 1150 1917 pertinentiis,
1172 1850 1256 1915 prae-

211 1930 300 1997 dicto
329 1929 496 1996 Willelmo
518 1936 553 1996 et
581 1930 766 1997 hoeredibus
789 1931 865 2009 suis,
889 1932 929 1998 de
951 1931 1047 1998 nobis
1076 1936 1111 1996 et
1132 1951 1257 1996 succes-

211 2030 340 2096 soribus
357 2031 479 2096 nostris
492 2055 501 2112 ;
523 2030 690 2097 reddendo
704 2030 811 2108 nobis,
825 2036 860 2096 et
874 2022 1112 2098 successoribus
1127 2031 1258 2112 uostris,

214 2128 397 2216 [firmem];
421 2136 456 2196 et
470 2131 620 2200 faciendo
634 2130 773 2196 servitio
787 2135 822 2196 et
843 2132 909 2198 elie
931 2153 1038 2210 onera,
1053 2132 1145 2198 utin
1160 2131 1257 2197 sectis

212 2229 472 2298 molendinorum
495 2236 532 2296 et
552 2231 635 2308 eliis,
669 2253 743 2317 quse
774 2232 949 2317 praedictus
971 2232 1114 2298 Thomas
1135 2236 1171 2298 et
1192 2232 1259 2309 olii,

211 2331 371 2420 proedicto
407 2337 599 2398 tenementc
636 2337 794 2411 tenentes,
817 2333 913 2399 uobis
950 2337 984 2398 et
1021 2332 1258 2400 successoribus

211 2433 332 2498 nostris
372 2432 508 2498 reddere
530 2436 565 2498 et
598 2433 704 2500 fecere
726 2439 973 2500 consueverunt.
1020 2435 1062 2500 In
1084 2435 1177 2520 cujus
1210 2435 1259 2500 rei

211 2533 447 2611 testimonium,
478 2533 634 2620 praesenti
667 2539 767 2601 eertae
798 2534 944 2621 sigillum
975 2540 1124 2602 nostrum
1157 2557 1259 2621 eppo·

212 2633 345 2700 suimus.
407 2633 485 2698 Hiis
523 2634 672 2713 motus,
703 2635 836 2700 domino
868 2635 1008 2703 Riecrdo
1042 2636 1258 2713 Momeduk’,

212 2739 292 2800 tuno
307 2734 481 2800 senescallo
504 2740 616 2800 nostro
638 2735 865 2815 Dunolmensi‚
880 2735 1046 2802 Willelmo
1061 2737 1101 2803 de
1118 2737 1258 2814 Denum,

213 2833 382 2921 Stephane
408 2836 449 2900 de
472 2833 669 2914 Oembhous,
686 2835 792 2902 Aleno
814 2837 855 2904 de
880 2835 1090 2923 Slykeburn',
1106 2837 1258 2903 Joheune

212 2936 253 3001 de
277 2935 498 3022 Chobington’
523 2941 559 3001 et
581 2936 662 3001 eliis.
684 2997 687 3005 ,
709 2937 833 3002 Datum
865 2937 954 3024 apud
978 2937 1141 3018 Stekton’‚
1164 2935 1257 3003 xxv⁰.

211 3036 265 3101 die
288 3035 412 3114 Martii,
442 3056 530 3100 enno
552 3035 688 3102 Domini
710 3036 881 3103 millesimo
904 3051 981 3106 cec⁰.
1004 3039 1259 3124 quintodecimo,

211 3142 245 3204 et
267 3136 519 3206 consecetionie
541 3142 661 3204 nostrae
684 3137 809 3224 quinto.

213 3384 291 3434 enta
306 3381 409 3432 Patrius
487 3338 658 3418 niardus,
681 3339 893 3425 permissione
916 3338 1040 3416 divino,
1054 3338 1404 3446 Dumlmen'ssfflssiffi„

212 3451 243 3499 de
286 3447 404 3498 Kounwe.
442 3441 487 3506 sis
518 3440 696 3526 episcopus,
720 3439 872 3505 omnibns
903 3440 945 3504 ed
969 3460 1050 3526 quos
1082 3445 1260 3526 praesentes
1273 3451 1381 3500 rernm.

1272 3501 1312 3544 the
1321 3500 1424 3552 birhop's

212 3513 368 3578 ”upum
442 3542 547 3608 literae
577 3541 796 3628 pervenerint,
818 3539 966 3606 sulutem.
1013 3539 1153 3606 Noverit
1184 3541 1258 3604 uni·
1271 3549 1406 3643 mm

211 3647 349 3712 ver-sites
371 3649 481 3711 vestre
502 3664 563 3709 nos
585 3642 722 3719 dedisse,
744 3640 949 3719 concessisse,
971 3646 1006 3706 et
1020 3640 1082 3707 hoc
1104 3641 1260 3727 praesenti
1272 3649 1428 3752 glpdm‘hffi

210 3753 301 3814 curte
329 3746 545 3824 confirmasse,
568 3742 687 3809 dilecto
720 3761 876 3829 germano
898 3746 1018 3820 nostro,
1052 3741 1198 3808 Patricio
1220 3741 1261 3806 de

211 3849 368 3929 Kellawe,
385 3846 549 3934 quoddam
564 3848 696 3909 vastum
712 3842 801 3928 quod
815 3847 953 3908 vocetur
975 3840 1260 3929 “Depeetrother,”

205 3950 319 4036 jacens
352 3948 439 4014 infra
473 3945 597 4012 divisos
630 3943 842 4030 subscriptas,
875 3942 1038 4024 videlicet,
1072 3940 1261 4030 incipiendo

209 4053 253 4118 ab
275 4049 431 4138 Elyford’,
446 4047 650 4115 ascendendo
664 4068 722 4133 per
737 4044 936 4132 Elysmethe‚
951 4065 1054 4130 usqne
1069 4043 1261 4130 Stenywell,

209 4155 296 4220 siout
318 4173 431 4219 cursus
461 4149 563 4215 fontis
585 4147 801 4235 protenditur,
817 4166 919 4232 usque
951 4144 1060 4223 Brun’,
1084 4150 1119 4211 et
1139 4144 1260 4209 abhinc

210 4254 434 4321 descendendo
455 4251 492 4316 in
522 4247 763 4334 Stenleyburu’,
788 4251 822 4312 et
844 4267 866 4312 u
888 4243 1119 4331 Stcnleybum’
1150 4265 1260 4310 escen·

210 4356 317 4421 dendo
340 4375 444 4440 usque
466 4353 503 4416 in
525 4349 693 4438 Eiyford’3
716 4346 904 4413 habendum
927 4352 961 4411 et
976 4345 1156 4411 tenendum
1171 4344 1258 4410 dicto

209 4456 359 4535 Petrioi0,
382 4454 569 4522 haeredibus
585 4457 620 4517 et
641 4449 819 4536 assignetis
842 4447 919 4528 suis,
943 4445 984 4512 de
1013 4444 1108 4511 nobis
1130 4450 1165 4511 et
1186 4466 1258 4511 suc·

208 4557 386 4624 sessoribus
408 4555 538 4633 nostris,
553 4551 711 4639 episcopis
733 4548 1022 4625 Dunolmensibus,
1036 4547 1072 4612 in
1095 4569 1153 4613 suo
1168 4567 1260 4633 sepc-

208 4660 279 4740 reli,
314 4679 381 4725 une.
402 4679 476 4725 oum
511 4674 684 4725 commune
717 4655 862 4738 pesturae
895 4647 1018 4735 ubique
1040 4648 1077 4713 in
1108 4648 1260 4716 omnibus
