3570 5718
413 794 478 858 920
598 810 795 862 auersmuu
818 810 1022 865 mammon
1044 814 1286 868 nuamnmsa.

261 1007 383 1053 anana
411 994 465 1059 vel
496 999 683 1062 attornatos
715 999 797 1077 illos,
829 1002 1025 1087 receperitis,
1052 1003 1093 1068 de
1127 1001 1316 1068 nominibus
1350 1025 1462 1069 eorum
1475 1019 1519 1063 an.
1528 1017 1612 1072 amne.
1621 1023 1645 1063 2.

411 1096 613 1162 thesaurario
648 1102 682 1163 et
714 1098 893 1166 baronibus
920 1102 961 1168 de
993 1103 1106 1168 eodem
1140 1103 1310 1170 Scaccario
1342 1110 1462 1183 nostro,

411 1197 501 1284 apud
522 1198 860 1280 westmonasterium,
883 1204 944 1269 sub
967 1203 1075 1290 sigillo
1091 1208 1211 1282 vestm,
1226 1205 1366 1272 indilate
1388 1227 1463 1270 con-

411 1305 498 1364 stare
521 1299 656 1366 faciatis.
702 1302 747 1366 Et
761 1303 941 1368 remittatis
964 1304 1011 1370 ibi
1027 1310 1107 1370 tunc
1128 1305 1190 1370 hoc
1204 1304 1311 1372 breve.
1357 1306 1462 1385 Teste,

411 1401 462 1467 W.
494 1401 535 1465 de
568 1401 731 1480 Norwico,
762 1404 852 1490 apud
883 1404 1220 1486 westmonasterium,
1258 1406 1369 1491 xxiij0.
1408 1409 1462 1473 die

413 1501 593 1583 Februarii,
609 1524 696 1568 anno
711 1506 804 1591 regni
827 1506 933 1570 nostri
947 1513 1049 1573 sexto.
1056 1507 1158 1571 -Per
1174 1507 1324 1572 Baiones
1364 1506 1462 1588 Quod

412 1603 581 1670 Johannes
603 1604 644 1669 de
668 1605 790 1684 Insula,
812 1606 899 1672 Baro
929 1608 970 1672 de
1005 1608 1181 1686 Scaccario,
1208 1613 1360 1688 testatur,
1385 1609 1463 1694 quia

412 1704 500 1768 idem
522 1704 611 1789 prior
633 1704 674 1769 de
698 1705 862 1772 Dunelmo
885 1706 1003 1772 debilis
1027 1713 1085 1786 est,
1108 1713 1143 1774 et
1165 1709 1217 1775 sui
1240 1709 1404 1794 impotens
1419 1709 1461 1776 ad

411 1804 634 1874 laborandum.

243 1991 367 2040 sauma
657 1970 750 2036 Prior
773 1971 1004 2037 Dunelmensis
1022 1973 1209 2039 attornavit
1232 1994 1342 2039 coram
1357 1973 1461 2053 nobis,

243 2043 380 2146 iiini'iaa
411 2035 559 2088 aeturnum.
610 2072 680 2138 loco
710 2093 777 2150 suo,
801 2073 988 2140 Jobannem
1021 2074 1062 2140 de
1095 2075 1292 2161 Halnathby
1324 2081 1358 2140 et
1380 2075 1461 2140 Wil-

411 2169 546 2235 lelmum
570 2171 610 2236 de
634 2172 787 2254 Neutou’,
811 2176 865 2239 vel
887 2175 1027 2240 alterum
1058 2175 1211 2262 ipsorum,
1235 2177 1263 2240 si
1289 2175 1386 2242 ambo
1410 2176 1460 2240 in·

410 2275 532 2337 teresse
554 2293 621 2338 non
644 2274 781 2359 possint,
796 2276 832 2338 in
847 2275 978 2362 loquela
1000 2275 1088 2340 infra
1105 2277 1205 2342 breve
1221 2282 1383 2355 contenta,
1401 2282 1460 2344 etc.

242 2447 374 2502 masaga
410 2463 493 2513 Breve
504 2463 600 2513 domini
611 2464 677 2529 rega
754 2424 946 2502 Edwardus,
977 2422 1042 2490 Dei
1078 2425 1195 2511 gratia,
1226 2447 1285 2490 rex
1322 2427 1460 2512 Angliae,

244 2499 456 2604 {osiidiiiiiyrm
498 2529 677 2582 communitate
710 2525 861 2590 dominus
889 2525 1069 2602 Hiberniae,
1100 2532 1134 2591 et
1164 2526 1233 2591 dux
1262 2527 1460 2613 Aquitaniae,

241 2599 385 2696 iiiirffl
411 2595 674 2648 villanunelmensa.
710 2626 890 2692 venerabili
927 2627 964 2690 in
1001 2624 1132 2692 Christo
1174 2628 1269 2713 patri,
1310 2629 1457 2710 Rica1d0,

410 2727 523 2794 eadem
545 2731 663 2814 gratia,
687 2729 836 2815 episcopo
859 2727 1084 2809 Dunelmensi,
1106 2729 1254 2794 salutem.
1301 2729 1394 2809 Cum,
1417 2731 1460 2796 ad

407 2829 573 2914 querelam
604 2831 850 2897 communitatis
872 2828 962 2896 villae
993 2829 1233 2909 Dunelmensis,
1257 2831 1352 2896 nobis
1382 2853 1459 2919 sug-

406 2931 558 3016 gerentis,
581 2933 678 3017 quod‚
702 2933 778 3000 licet
795 2933 867 3017 ipsa
897 2931 1122 3010 communitas,
1145 2931 1311 3018 aliquibus
1332 2939 1458 3020 tempo·

406 3031 498 3097 ribus
521 3034 699 3112 retroactis
722 3055 780 3120 per
802 3032 968 3118 episcopos
995 3032 1242 3111 Dunolmenses,
1257 3034 1333 3099 sede
1353 3035 1458 3121 plena,

406 3139 467 3199 aut
497 3155 555 3221 per
587 3135 809 3221 progenitores
840 3139 978 3212 nostros,
1001 3135 1169 3219 quondam
1203 3157 1295 3222 reges
1317 3136 1458 3222 Angliae,

408 3235 484 3302 sede
515 3241 664 3314 vacante,
696 3236 819 3302 talliari
856 3258 924 3301 non
957 3237 1177 3317 consueverit,
1221 3237 1385 3304 Henricus
1417 3239 1458 3304 de

407 3337 520 3424 Percy,
542 3359 639 3422 quem
670 3338 839 3404 custodem
868 3338 1074 3424 episcopatus
1105 3339 1262 3425 praedicti,
1294 3361 1352 3425 per
1374 3361 1459 3405 mor-

406 3445 475 3504 tem
508 3440 604 3506 bonae
638 3440 802 3505 memoriae
826 3492 833 3506 .
856 3490 863 3505 .
886 3461 993 3525 nuper
1026 3440 1169 3526 episcopi
1201 3441 1263 3506 loci
1297 3441 1394 3522 illius,
1422 3441 1458 3506 in

406 3563 508 3607 manu
538 3547 652 3607 nostra
675 3547 754 3607 tunc
781 3541 963 3619 existentis,
993 3541 1233 3628 deputavimus,
1266 3543 1457 3628 praedictam

405 3643 676 3708 communitatem
710 3642 832 3710 talliari
866 3643 953 3721 fecit,
980 3647 1014 3708 et
1035 3665 1096 3708 vos
1127 3643 1300 3730 tallagium
1331 3645 1415 3710 illud
1437 3669 1458 3712 a

405 3745 541 3830 praefata
563 3744 807 3823 communitate,
830 3745 873 3810 ad
896 3767 978 3830 opus
992 3750 1152 3825 nostrum,
1173 3747 1269 3834 exigi,
1285 3751 1319 3812 et
1341 3747 1456 3833 ipsam,

405 3867 443 3912 ea
467 3845 640 3926 occasione,
657 3846 818 3932 distringi,
843 3852 878 3912 et
900 3846 1126 3932 multipliciter
1148 3849 1333 3934 inquietari,
1349 3850 1458 3915 facitis

404 3949 514 4013 minus
531 3947 631 4034 juste,
653 3947 690 4011 in
718 3947 821 4033 ipsius
844 3949 1089 4014 communitatis
1119 3950 1276 4016 damnum
1299 3972 1366 4016 non
1388 3975 1457 4017 mo-

404 4050 524 4128 dicum,
547 4054 582 4114 et
602 4070 789 4135 gravamen,
814 4049 1078 4116 mandaverimus
1100 4053 1229 4118 tenenti
1252 4054 1359 4118 locum
1383 4054 1456 4119 the·

389 4151 543 4217 saurarii
565 4156 600 4216 et
629 4151 806 4216 baronibus
836 4151 957 4217 nostris
987 4153 1027 4218 de
1058 4153 1234 4232 Scaecario‚
1258 4155 1346 4240 quod
1369 4177 1456 4220 scru-

405 4254 486 4318 tatis
500 4253 618 4319 rotulis
634 4258 668 4318 et
682 4253 1072 4321 memorandis'Scoccarii
1087 4257 1244 4342 praedicti,
1257 4257 1297 4338 de
1312 4257 1456 4344 quinque

404 4356 534 4422 ultimis
556 4357 784 4422 vacationibus
807 4357 1012 4444 episcopatus
1030 4357 1128 4437 illius,
1144 4360 1184 4424 de
1206 4381 1245 4424 eo
1268 4360 1358 4444 quod
1379 4361 1456 4425 inde

405 4458 596 4524 invenerint
633 4479 693 4522 nos
730 4459 872 4525 reddant
914 4460 1086 4540 certiores;
1123 4461 1216 4527 vobis
1254 4463 1456 4539 mandamus,

406 4561 495 4645 quod
525 4559 684 4625 levationi
714 4560 841 4646 tallagii
873 4561 1023 4646 praedicti
1046 4585 1066 4626 a
1089 4563 1246 4649 praedicta
1275 4565 1456 4628 communi-

406 4666 476 4725 tate
499 4659 746 4744 supersedeatis,
770 4668 804 4726 et
833 4664 1040 4748 supersedere
1071 4664 1208 4744 faciatis,
1235 4686 1337 4750 usque
1359 4687 1380 4730 a
1402 4665 1456 4730 die

406 4761 540 4828 Paschae
562 4759 712 4846 proximo
744 4762 857 4828 futuro
887 4763 922 4828 iu
953 4785 1055 4830 unum
1086 4787 1239 4847 mensem,
1262 4772 1301 4832 ut
1323 4788 1382 4833 nos
1405 4767 1457 4832 in·
