3538 5712
499 811 698 896 nsorsrnuu
721 844 925 894 runirrsuu
948 845 1190 896 nurumrnrsn
1284 836 1368 900 1121

151 1034 307 1090 anupucu.
320 1049 379 1116 per
400 1035 539 1094 mortem
555 1029 819 1097 antecessorum¹
841 1051 982 1112 suorum,
1007 1031 1220 1114 devenerunt,
1236 1035 1371 1103 reddere
1403 1053 1524 1100 eontra

320 1135 480 1210 tenemur,
492 1131 641 1199 volentes
651 1131 862 1198 indemnitati
871 1138 1003 1210 nostrae,
1015 1137 1049 1198 et
1060 1135 1209 1219 praedicti
1224 1137 1371 1217 haeredis,

320 1233 503 1320 prospicere
525 1234 561 1298 iu
584 1234 646 1299 hac
667 1239 770 1320 parte,
792 1234 888 1299 vobis
913 1234 1117 1314 mandamus,
1148 1238 1237 1323 quod
1263 1240 1292 1303 si
1323 1240 1372 1305 ita

321 1339 381 1412 est,
403 1340 484 1400 tunc
505 1335 654 1422 praefatis
671 1333 867 1419 justiciariis
889 1335 1008 1400 vestris
1030 1336 1116 1402 detis
1138 1337 1174 1404 in
1196 1339 1371 1422 mandatis,

321 1437 410 1522 quod
439 1436 482 1502 ad
504 1435 649 1520 aliquam
671 1435 805 1501 assisam
828 1435 870 1500 de
896 1437 1092 1502 tenementis
1115 1460 1190 1523 quae
1212 1440 1248 1504 in
1270 1462 1372 1506 manu

319 1541 433 1602 nostra
466 1536 513 1601 sic
544 1533 695 1602 existunt
730 1536 933 1623 capiendam,
962 1538 1057 1602 nobis
1079 1538 1282 1618 inconsultis,
1304 1561 1372 1606 non

319 1638 505 1725 procedant,
529 1637 596 1702 ullo
618 1637 722 1703 modo.
767 1635 865 1704 Teste
887 1638 1020 1725 meipso,
1042 1639 1130 1725 apud
1149 1639 1371 1708 Westmouas-

320 1739 450 1816 terium,
473 1735 583 1824 xviij⁰.
608 1738 661 1804 die
684 1739 776 1819 Maii,
799 1760 887 1805 anno
908 1739 1002 1828 regni
1026 1740 1131 1806 nostri
1152 1761 1250 1809 nono.

319 1987 642 2053 nruusreveregie,quou
722 1943 913 2021 Edwardus,
928 1942 992 2008 Dei
1013 1944 1127 2030 grstia,
1150 1965 1210 2010 rex
1231 1943 1494 2050 Angliffiassffi‘,

320 2069 371 2132 ⁰9¹1
390 2055 542 2132 procedatur
558 2054 642 2105 aum·
676 2045 826 2110 dominus
841 2043 1021 2121 Hiberniae,
1036 2050 1070 2109 et
1085 2046 1154 2111 dux
1170 2045 1373 2132 Aquitaniae,
1384 2056 1494 2148 {panthu

320 2136 398 2172 elsam
409 2122 564 2184 comendam.
1410 2117 1424 2147 ¹¹
1449 2106 1524 2151 ⁸⁰th

677 2146 859 2211 venerabili
888 2146 926 2210 in
948 2146 1081 2212 Christo
1102 2147 1199 2232 putri,
1221 2145 1534 2250 Ricardaffl‘,

320 2247 435 2313 eadem
449 2249 567 2334 gratia,
591 2247 741 2334 episcopo
764 2246 989 2327 Dunolmensi,
1014 2248 1160 2315 salutern
1208 2249 1295 2329 Quia
1316 2236 1497 2351 daffiff

322 2351 395 2412 tum
419 2354 470 2414 est
491 2347 586 2413 nobis
608 2348 758 2435 intelligi,
782 2348 871 2434 quod
893 2347 1090 2435 Radulphus
1112 2349 1373 2416 filius‘Willelmi
1473 2337 1480 2350 ’

322 2449 518 2514 arrainiavit
532 2469 641 2516 coram
650 2449 844 2535 justiciariis
855 2449 974 2514 vestris
988 2449 1153 2536 h‘bertetis
1169 2451 1373 2538 episcopatus

323 2551 426 2615 vestri
456 2550 618 2637 praedicti,
639 2572 699 2638 per
722 2552 824 2617 breve
849 2555 1005 2630 vestrum
1039 2552 1206 2637 quandam
1236 2554 1372 2619 assisam

324 2650 431 2718 Novae
445 2653 635 2720 Disseisinae
649 2673 764 2718 versus
777 2651 928 2730 Atiniam,
943 2673 1018 2738 quae
1032 2653 1099 2718 fuit
1113 2675 1198 2720 uxor
1213 2654 1373 2721 (luidonis

321 2753 364 2818 de
379 2754 470 2820 Bello
486 2755 620 2840 Campo,
635 2755 800 2840 quondam
815 2753 945 2820 comitis
957 2753 1071 2833 ware,
1086 2755 1242 2836 defuncti,
1259 2757 1317 2841 qui
1331 2756 1389 2824 de.

320 2855 417 2920 nobis
439 2856 550 2921 tenuit
571 2857 607 2920 in
622 2857 739 2941 capite,
755 2860 788 2921 et
811 2854 892 2920 ulios
914 2854 951 2920 in
973 2853 1067 2922 brevi
1088 2863 1199 2922 vestro
1222 2857 1374 2944 originali

322 2961 502 3034 contentos,
525 2957 565 3022 de
587 2955 786 3022 tenementis
808 2955 844 3022 in
870 2955 1055 3043 Langeton'
1076 2956 1164 3022 infra
1185 2957 1374 3024 libertatem

322 3063 466 3124 vestram
488 3058 699 3144 praedictam
722 3079 797 3144 quae
826 3045 963 3143 quidem
985 3063 1182 3139 tenemento,
1206 3080 1266 3146 per
1287 3081 1373 3126 mor·

320 3163 391 3225 tem
415 3161 565 3248 praedicti
588 3160 758 3242 Guidonis‚
782 3180 842 3246 per
864 3158 1022 3224 dilectum
1046 3159 1200 3227 clericum
1215 3165 1374 3241 nostrum,

322 3261 503 3327 Robertum
539 3262 580 3328 de
618 3261 833 3340 Oliderhowe,
867 3265 1064 3327 escaetorem
1102 3267 1252 3327 nostrum
1283 3264 1375 3330 ultra

310 3361 489 3446 drentem,
515 3363 556 3428 dc
578 3363 736 3428 mandato
759 3367 879 3440 nostro,
903 3366 1000 3448 capta
1021 3361 1158 3427 fuerunt
1178 3363 1216 3427 in
1238 3385 1373 3429 manum

322 3468 477 3544 nostrum,
513 3469 548 3528 et
584 3465 794 3550 postmodum
831 3463 979 3551 praelatae
1008 3463 1125 3529 Aliciae
1154 3485 1213 3550 per
1242 3485 1303 3532 nos
1336 3466 1371 3531 in

250 3559 252 3564 ’
318 3567 550 3644 curianostra
571 3566 608 3630 in
631 3567 742 3631 dotem
764 3565 939 3653 assignata,
963 3564 1050 3630 siout
1064 3585 1123 3650 per
1137 3565 1373 3651 inspectionem

321 3669 506 3735 rotulorum
529 3666 742 3734 Cancellariae
765 3672 888 3732 nostrae
915 3665 1011 3731 nobis
1044 3670 1193 3747 constat3
1217 3672 1252 3732 et
1286 3669 1375 3755 quod

317 3771 495 3857 justiciarii
535 3769 638 3834 vestri
683 3767 843 3855 praedicti,
866 3787 943 3832 non
986 3766 1101 3833 habito
1138 3775 1286 3856 respectu
1330 3771 1374 3836 ad

322 3873 498 3959 praemissa,
514 3877 548 3936 at
562 3871 605 3936 ad
621 3869 656 3935 id
672 3868 761 3956 quod
776 3868 928 3948 Thomas,
943 3867 1032 3934 filius
1047 3875 1083 3936 et
1097 3869 1201 3936 haeres
1222 3871 1373 3957 praedicti

321 3975 494 4052 Guidonis,
510 3974 551 4038 da
573 3973 667 4058 cujus
689 3971 886 4039 hereditate
914 3976 1104 4038 tenementa
1129 3971 1189 4038 illa
1213 3972 1373 4056 existunt,

321 4083 357 4142 et
395 4077 453 4163 qui
488 4075 655 4142 redditum
693 4073 787 4138 illum
825 4073 973 4160 praefatae
1002 4073 1119 4141 Aliciae
1157 4078 1374 4143 warantizara

320 4179 464 4256 deberet,
486 4177 574 4242 infra
597 4181 740 4255 aetatem,
763 4175 856 4242 etin
879 4173 1163 4254 custodianostra‚
1179 4177 1295 4243 existit
1307 4203 1315 4258 ;
1339 4183 1374 4245 ct

321 4281 420 4366 quod,
451 4279 479 4346 si
517 4279 631 4344 cadem
654 4277 763 4343 Alicia
799 4276 916 4354 obiret,
953 4276 1092 4364 praefatc
1129 4278 1258 4345 haerede
1287 4278 1375 4347 inira

320 4386 456 4448 aetatem
494 4381 666 4457 existente,
708 4384 898 4446 tenementa
934 4376 997 4445 illa
1039 4379 1077 4444 in
1122 4401 1223 4444 manu
1260 4387 1373 4447 nostra

321 4488 573 4561 resumerentur,
596 4487 631 4548 ct
653 4479 759 4546 eidem
781 4479 916 4559 haeredi,
938 4501 1013 4546 cum
1042 4481 1085 4546 ad
1116 4485 1249 4548 aetatem
1278 4503 1372 4548 suam

604 4713 613 4747 ¹
631 4709 823 4778 antecessorum]
838 4719 994 4764 untessorum
1005 4709 1031 4761 in
1042 4710 1099 4764 MS.

409 4813 487 4865 VOL.
510 4813 546 4860 11.
1178 4811 1200 4860 1·
1215 4812 1237 4861 1·
