3530 5708
507 809 705 860 nnemrnnu
728 809 929 859 rsmrruuu
951 809 1195 860 subsanasse.
1310 799 1374 862 857

160 1009 287 1062 sauros
295 1011 315 1054 1.
326 1019 409 1070 Breve
436 1019 533 1070 domini
610 992 803 1072 Edwardus,
817 994 882 1061 Dei
903 995 1020 1082 gratis,
1036 1017 1095 1060 rex
1117 995 1256 1082 buglis,
1273 981 1377 1060 domi·
1406 1007 1529 1082 suum

326 1084 533 1203 3313„ch
567 1117 630 1161 nus
652 1095 831 1174 Hibernae,
847 1101 881 1162 et
897 1097 966 1162 dux
980 1095 1180 1182 Aquitaniae,
1196 1095 1376 1163 venerabor
1388 1069 1520 1192 ibib?

390 1167 405 1215 Ρ
470 1169 533 1204 rura
566 1198 603 1264 iu
635 1196 768 1264 christo
799 1199 896 1286 patri,
930 1199 1079 1279 Ricardo,
1112 1197 1227 1264 eadem
1260 1171 1528 1284 grabiasteiffleod

328 1297 478 1384 episcopo
509 1298 733 1378 Dunelmensi,
755 1300 809 1366 vel
840 1299 912 1384 ejus
943 1299 1032 1368 vices
1062 1299 1199 1387 gerenti,
1230 1270 1550 1366 sunumffibiih?

330 1401 417 1481 Quia
438 1401 602 1468 Roberbus
624 1402 665 1467 de
688 1401 854 1480 Faudone,
869 1423 975 1489 nuper
996 1401 1174 1468 vicecomes
1196 1401 1231 1466 N
1232 1401 1379 1466 orthum·
1390 1371 1463 1424 ΜΡ
1463 1371 1516 1416 ¹⁵¹⁵

330 1504 421 1581 briae,
442 1509 477 1571 eb
499 1509 608 1570 susus
636 1509 800 1570 ‘serrarum
822 1509 858 1570 eb
880 1508 1145 1570 benemenborum
1171 1503 1320 1590 magisbri
1343 1505 1379 1568 cb

329 1605 470 1671 fratrum
501 1605 631 1672 militiae
657 1605 786 1692 Templi
816 1605 854 1669 in
885 1604 1015 1691 Anglia,
1039 1605 1076 1668 in
1106 1604 1266 1670 comitatu
1297 1626 1379 1691 prae-

330 1707 427 1788 diobo,
458 1729 501 1773 cx
532 1707 631 1774 certis
665 1706 779 1785 causis,
808 1705 844 1770 in
875 1727 977 1772 manu
1010 1710 1125 1771 nostra
1154 1705 1378 1784 existentium,

331 1813 486 1875 oneratur
507 1809 543 1874 in
561 1813 712 1896 compoto
734 1829 802 1886 suc,
816 1809 857 1874 de
880 1808 1026 1874 exitibus
1047 1813 1210 1874 terrarum
1233 1811 1268 1874 ct
1289 1813 1380 1874 bene·

331 1914 517 1975 mentorum
539 1910 779 1998 praedictorum,
800 1909 844 1976 cd
867 1908 1071 1977 Scaccarium
1103 1914 1253 1975 nosbrum
1275 1931 1382 1996 nuper

331 2011 468 2088 reddito,
483 2012 524 2078 de
548 2013 659 2079 decem
681 2012 775 2077 libris
797 2011 907 2077 decem
931 2016 966 2077 cb
988 2016 1061 2078 ocio
1083 2011 1195 2077 solidis
1217 2016 1252 2078 cb
1273 2013 1381 2077 tribus

332 2112 483 2192 denariis,
510 2115 551 2180 de
573 2113 706 2180 redditu
736 2113 847 2180 assises
870 2113 1073 2178 diversorum
1105 2113 1299 2192 tenentium,
1324 2113 1381 2198 qui

331 2219 521 2281 bencmcnia
541 2236 602 2280 sua
619 2216 660 2280 de
674 2214 773 2281 dietis
795 2214 953 2301 magistro
973 2218 1008 2279 et
1022 2213 1180 2280 fratnbus
1202 2218 1382 2280 ienucnrnb

332 2317 369 2380 in
402 2317 491 2382 villis
524 2317 565 2382 de
597 2317 743 2396 Foxden,
775 2315 1004 2402 Bysshopiou',
1027 2315 1142 2395 Goion,
1167 2315 1276 2382 Casiri
1303 2316 1383 2382 Ber·

332 2418 437 2496 nardi,
459 2417 664 2484 Somerhous'
686 2422 722 2483 cb
743 2417 877 2494 Pelton',
899 2417 988 2483 infra
1009 2417 1195 2484 libertatem
1217 2418 1382 2506 episcopa-

332 2523 388 2584 tus
419 2519 578 2606 predicti,
601 2541 659 2606 pro
691 2518 833 2584 termino
867 2517 1009 2596 Pascbae,
1032 2541 1119 2584 anno
1152 2520 1246 2607 regni
1277 2520 1383 2585 nostri

333 2621 448 2706 primo,
471 2624 506 2686 et
535 2619 678 2684 termino
701 2619 816 2686 Sancti
839 2618 1011 2686 ¹Michaelis
1043 2621 1193 2707 proximo
1216 2627 1383 2706 sequente,

335 2725 370 2786 eb
392 2720 433 2786 dc
455 2720 567 2787 decem
594 2720 707 2786 solidis
729 2721 770 2786 de
793 2719 926 2786 redditu
948 2722 1060 2788 assisae
1082 2722 1227 2808 quinque
1249 2728 1382 2809 quame-

335 2824 458 2888 1iorum
488 2845 603 2890 avenae
635 2822 732 2889 dictis
763 2823 920 2909 magisbro
949 2827 984 2888 ei
1006 2823 1163 2890 fratribus
1186 2824 1316 2904 debibae,
1340 2823 1383 2890 ad

334 2924 475 2991 eundem
504 2923 685 2991 terminum
718 2923 832 2992 sancei
861 2923 1039 3003 Michaelis,
1064 2926 1101 2990 in
1123 2927 1282 3014 praedicia
1304 2926 1384 2992 villa

334 3027 375 3094 de
397 3026 551 3103 Foxden',
574 3025 615 3091 de
648 3026 769 3111 quibus
800 3026 936 3113 praefabo
959 3026 1105 3094 Roberio
1127 3048 1185 3115 per
1207 3027 1312 3096 dictos
1334 3033 1383 3092 te·

334 3134 449 3195 nentes
471 3127 618 3194 nondum
641 3131 692 3194 est
714 3127 927 3208 satisfactum,
943 3134 982 3194 ub
1004 3127 1105 3210 dicit3
1128 3131 1230 3208 vobis,
1245 3130 1385 3196 firmiter

334 3230 545 3318 injungendo,
569 3229 772 3310 mandamus,
797 3228 884 3295 sicut
913 3229 994 3296 alias
1020 3231 1114 3296 vobis
1143 3232 1383 3314 mandavimus,

334 3333 422 3419 quod
437 3353 549 3398 omncs
564 3331 714 3397 denarios
736 3330 908 3417 praedictos
930 3330 971 3395 de
990 3330 1071 3417 ipsis
1085 3334 1276 3400 tenentibus
1298 3335 1385 3401 infra

334 3435 522 3500 libertatem
544 3438 688 3498 vestram
711 3432 911 3519 praedictam,
928 3432 999 3498 sine
1015 3431 1172 3499 dilatione
1194 3457 1253 3521 per
1270 3437 1385 3502 minis·

335 3543 403 3603 tros
427 3539 554 3602 vestros
575 3534 688 3615 levari,
704 3539 739 3600 eb
761 3533 898 3621 praefabo
920 3533 1064 3599 Roberto
1086 3534 1178 3615 solvi,
1194 3535 1330 3614 faciatis,
1345 3542 1385 3603 ub

335 3639 406 3726 ipse
428 3637 471 3702 de
493 3635 615 3702 eisdem
647 3635 800 3714 denariis,
824 3635 861 3699 in
883 3633 1026 3700 crastino
1056 3633 1187 3704 Sanctae
1210 3637 1385 3706 Trinitatis

336 3739 486 3827 proximo
509 3737 639 3814 futuras,
661 3735 765 3813 nobis,
787 3735 831 3802 ad
853 3735 979 3801 dictum
1010 3735 1214 3804 &securium
1236 3745 1385 3807 nostrum

336 3839 522 3906 sabisfacere
559 3837 672 3924 possib,
705 3858 803 3922 quem
840 3835 928 3902 diem
965 3837 1043 3904 inde
1080 3839 1216 3908 admisit
1252 3843 1385 3911 ibidem.

337 3942 384 4007 Et
405 3943 554 4008 constare
582 3937 711 4006 faciatis
741 3937 945 4004 thesaurario
974 3943 1009 4005 ct
1030 3939 1207 4008 baronibus
1232 3943 1386 4012 dedicio

338 4041 505 4111 Scaccerio
519 4045 641 4119 nostro,
656 4040 745 4127 apud
760 4039 1097 4122 westmonasterium,
1114 4041 1157 4107 ad
1171 4043 1259 4108 diem
1282 4044 1384 4127 illum,

242 4185 246 4192 ·
337 4145 480 4232 qualiter
501 4142 593 4209 istud
622 4141 817 4208 mandatum
846 4145 996 4206 nostrum
1025 4163 1084 4227 per
1106 4149 1174 4209 vos'
1187 4145 1288 4212 fuerit
1310 4169 1386 4214 exc·

337 4251 460 4324 cuium,
492 4250 527 4311 eb
557 4265 622 4330 quo
643 4242 759 4324 modo;
787 4242 996 4308 attendentes
1026 4265 1085 4329 pro
1107 4249 1204 4324 certo,
1226 4248 1314 4332 quod
1345 4251 1386 4316 de

338 4370 376 4414 eo
398 4347 485 4434 quod
507 4347 608 4411 breve
630 4349 789 4422 nostrum,
804 4343 885 4409 alies
907 4343 1001 4409 vobis
1023 4344 1101 4410 inde
1124 4345 1295 4428 directum,
1311 4373 1386 4418 exe·

338 4450 464 4516 cubioni
487 4445 692 4527 demandare,
708 4467 769 4512 nec
783 4445 865 4509 illud
889 4466 996 4511 coram
1021 4447 1168 4533 praefatis
1183 4450 1386 4523 bhesaurario

338 4557 373 4617 cb
394 4551 572 4616 baronibus
594 4547 724 4624 nostris,
738 4547 775 4612 in
789 4546 933 4613 erasum
954 4547 1058 4613 clami
1080 4548 1213 4618 Paschse
1235 4556 1386 4640 proximo

338 4652 452 4731 futuri,
476 4649 637 4715 reseruari
668 4647 814 4728 curastis,
847 4648 933 4714 sicut
954 4649 1049 4715 vobis
1083 4653 1276 4721 mandatum
1310 4659 1384 4741 finib,
