3452 5702
485 819 685 870 nsomranu
707 818 909 870 rrmrrrum
932 819 1173 871 nounnumss.
1288 803 1351 874 725

126 1007 290 1063 Ausones.
304 1003 360 1089 jus
383 1004 511 1086 habere,
535 1005 576 1070 de
603 1009 719 1071 mutuo
748 1027 907 1072 concursu
939 1007 982 1071 ad
1011 1030 1103 1072 arma
1137 1006 1251 1073 dicbus
1273 1009 1353 1093 quia
1382 1019 1505 1066 tlt-1³¹⁵.

184 1152 187 1156 -
309 1104 450 1192 singulis
472 1106 695 1172 verisimiliter
725 1107 931 1187 formidatur,
965 1129 1024 1174 nos
1047 1109 1194 1174 volentes
1225 1115 1352 1174 utrum·

304 1229 369 1292 que
402 1229 443 1273 ne
487 1214 675 1295 conceptam
713 1209 878 1276 soei’itiam
918 1211 1109 1276 actualiter·
1134 1216 1285 1277 exerceat
1317 1214 1352 1278 in
1473 1227 1474 1230 ’

302 1309 506 1389 alterutrum,
530 1315 691 1396 quantum
714 1331 892 1397 possumus,
918 1312 1075 1392 cohibere,
1100 1313 1195 1378 vobis
1217 1314 1352 1378 manda-

301 1433 380 1491 mus,
397 1412 537 1476 firmiter
559 1413 777 1498 injungentes,
794 1419 958 1499 quatenus
972 1414 1098 1480 fructus
1121 1419 1155 1480 et
1170 1421 1352 1501 proventus

298 1505 471 1598 praedictos
493 1515 714 1600 sequestretis,
737 1519 771 1580 et
793 1515 855 1580 sub
878 1521 969 1581 arcto
992 1521 1160 1602 sequestro
1190 1517 1350 1584 custodiri

299 1615 435 1696 faciatis,
459 1616 563 1680 donec
585 1617 715 1702 plenius
745 1618 926 1682 diseumum
957 1618 1058 1682 fuerit
1083 1618 1287 1704 judicialiter
1309 1619 1351 1684 do

299 1717 489 1802 potioritate
507 1718 595 1801 juris
617 1718 753 1784 alterius
776 1741 897 1798 eorum,
913 1725 972 1785 aut
986 1719 1204 1785 amicabiliter
1225 1721 1350 1786 fuerint

300 1820 495 1884 concordati.
541 1821 675 1886 Proviso
702 1826 821 1899 tamen,
845 1821 932 1908 quod
958 1823 1039 1888 dicti
1068 1823 1197 1888 fructus
1220 1828 1253 1888 et
1275 1845 1349 1908 pro·

301 1926 418 2008 ventus
441 1920 554 1986 debito
584 1927 732 2008 tempore
763 1923 969 2010 colligantur,
997 1947 1040 1989 ne
1071 1931 1216 2010 pereant,
1248 1927 1350 2011 ipsius

300 2043 396 2106 quem
420 2044 475 2086 eos
508 2022 545 2085 in
567 2028 690 2090 eventu
713 2025 883 2110 continget
917 2025 1075 2100 evincere,
1096 2026 1284 2111 sumptibus
1317 2033 1351 2091 et

301 2123 461 2208 expensis.
506 2123 633 2189 Valete.
677 2124 805 2189 Datum
828 2124 918 2210 apud
950 2125 1114 2204 Stokton’,
1148 2127 1265 2210 quinto
1299 2127 1352 2194 die
1442 2170 1454 2188 .

302 2223 520 2309 Septembris,
543 2226 795 2290 consecrationis
817 2231 941 2291 nostrae
962 2249 1050 2292 anno
1073 2228 1199 2312 quinto.

350 2375 522 2460 (Sebedcle
544 2375 692 2444 inserted
713 2376 802 2464 oster
817 2377 847 2463 f.
874 2380 958 2464 148.)

660 2531 739 2616 Ego,
778 2529 881 2595 frater
917 2529 1111 2612 Willelmus,
1150 2532 1353 2599 ordinandus
1366 2551 1502 2614 mmor

598 2629 698 2696 abbas
736 2633 963 2704 oanoericorum
1010 2635 1151 2700 ecelesiae
1188 2635 1229 2699 de
1266 2603 1510 2700 Albutidiiiffio

598 2735 722 2814 Lauda,
744 2736 903 2820 promitto
933 2735 1166 2820 subjectionem
1197 2740 1233 2801 et
1261 2759 1353 2802 reve·
1366 2703 1519 2798 iiitbfflbti

299 2841 449 2917 rentiam,
464 2862 485 2904 a
508 2839 629 2904 sanctis
651 2837 803 2924 patribus
825 2839 1049 2915 constitutam,
1065 2843 1100 2903 et
1121 2838 1352 2918 obedientiam,

300 2943 477 3010 secundum
512 2947 712 3030 praeceptum
741 2946 927 3005 sanctorum
959 2961 1128 3020 canonum,
1160 2940 1223 3005 tibi
1257 2947 1353 3026 pater

300 3043 489 3123 reverende,
522 3043 672 3123 Ricarde,
695 3041 929 3107 Dunolmensis
953 3041 1110 3130 episcope,
1134 3047 1168 3106 et
1190 3064 1351 3108 successo·

299 3147 391 3211 ribus
414 3146 490 3225 tuis,
514 3149 549 3209 et
580 3149 703 3209 sanetae
724 3143 805 3208 ‘sedi
829 3143 1060 3208 Dunolmensis
1083 3143 1234 3222 ecclesiae,
1259 3145 1350 3210 salvo

296 3250 372 3335 jure
396 3246 528 3314 ordinis
570 3246 654 3326 mei;
677 3251 711 3311 et
732 3245 794 3311 boc
815 3245 1048 3332 propriamanu
1071 3246 1305 3330 subscribo-1-

567 3449 685 3516 Frater
701 3449 887 3514 Willelmus
911 3447 952 3512 de
975 3447 1116 3512 Norton’
1137 3449 1174 3512 in
1197 3449 1351 3513 abbatem
1363 3467 1492 3514 nemone-

521 3550 753 3616 oanonicorum
778 3550 819 3614 de
841 3549 929 3614 Alba
945 3548 1060 3612 Lenda
1074 3548 1196 3613 electus
1218 3555 1253 3614 et
1275 3519 1509 3632 con-iiididioi

300 3655 462 3732 firmatus,
500 3673 538 3718 ao
575 3673 635 3738 per
671 3653 783 3717 literas
821 3651 982 3715 dictorum
1020 3650 1177 3716 abbatum
1216 3651 1350 3718 domino
1363 3621 1502 3715 iiiiii?

301 3757 450 3842 episcopo
464 3759 692 3841 praesentatus,
709 3755 762 3818 die
776 3752 957 3832 Dominica,
974 3752 1137 3834 videlicet,
1160 3753 1280 3820 ultimo
1296 3755 1349 3820 die
1361 3722 1516 3818 iiiiii.

301 3857 423 3920 mensis
438 3857 591 3941 Augusti,
616 3855 652 3919 in
673 3854 797 3940 capella
820 3856 861 3920 de
883 3853 1084 3920 Middelham
1109 3877 1229 3920 munus
1252 3856 1350 3919 bene·

302 3957 456 4044 dictionis
493 3957 624 4042 recepit,
655 3956 806 4042 praestita
848 3957 1037 4022 obedientia
1081 3961 1115 4021 et
1149 3957 1350 4042 professione

303 4060 393 4124 dieto
416 4059 547 4124 domino
570 4059 743 4125 abeodem
767 4063 865 4144 prout
880 4080 922 4122 ex
937 4057 1004 4122 alia
1018 4061 1112 4143 parte
1135 4057 1235 4142 hujus
1258 4057 1348 4122 sche-

302 4161 393 4228 dulae
415 4161 611 4228 continetur,

608 4365 895 4432 Reverendissimo
932 4363 969 4428 in
1019 4362 1151 4429 Christo
1188 4361 1277 4450 patri
1314 4369 1349 4430 et
1380 4381 1469 4456 ¹ruo.

298 4482 393 4532 uaria
423 4483 454 4533 de
480 4481 532 4548 Ry-
565 4469 709 4545 domino,
724 4467 857 4532 domino
881 4465 1031 4545 Ricardo‚
1054 4465 1118 4530 Dei
1139 4465 1256 4553 gratia,
1279 4465 1346 4551 epi·
1359 4441 1470 4537 ἷῆᾞῗξ.

298 4414 432 4480 Inquisitio
458 4429 532 4479 super

298 4549 491 4601 'emm'
565 4591 663 4657 scopo
684 4569 909 4646 Dunolmensi,
944 4589 1022 4633 suus
1053 4569 1193 4635 devotus
1217 4617 1225 4634 .
1249 4622 1255 4636 .
1279 4543 1475 4686 offi-tti'iit}

298 4673 388 4740 cisiis
408 4665 547 4740 'domnii
580 4671 803 4738 archidiaconi
830 4669 1088 4751 Northumbriae,
1117 4670 1347 4748 obedientiam,
1360 4642 1519 4745 {minii
