3562 5710
427 829 513 894 1014
607 839 804 890 numerans
827 835 1031 887 rimemur
1052 831 1294 883 nuunnunusn

273 1043 330 1088 Δ-Ι).
338 1047 396 1088 1³1⁴·
429 1041 430 1044 ’
536 1031 792 1110 Nerthumbn'ee,
833 1029 979 1094 salutem
1025 1027 1078 1090 Ex
1111 1025 1242 1111 querela
1276 1023 1474 1088 venerabilis
1485 1038 1531 1082 An.
1539 991 1676 1088 sonas·

258 1105 392 1249 ἓῖἓιὲῗξῖ
424 1099 499 1150 Μ’
534 1133 648 1218 patris,
678 1130 820 1207 Ricardi,
851 1128 1083 1193 Dunolmensis
1110 1126 1262 1213 episcopi,
1291 1125 1474 1212 accepimus

138 1289 144 1303 .
259 1253 379 1304 naemu
426 1231 514 1315 quod
525 1255 593 1312 voa,
608 1237 774 1318 praetextu
789 1230 957 1316 eujusdam
974 1229 1123 1312 mandati
1131 1228 1244 1303 nostri,
1257 1248 1363 1312 nuper
1371 1225 1474 1301 vobis,

259 1304 391 1357 thabishop
809 1332 816 1346 .
890 1331 897 1345 .
1069 1330 1076 1342 .
1348 1327 1355 1341 .

258 1333 562 1504 ffiffiffiaefm
585 1334 759 1448 eschaeter,
784 1331 973 1446 direct1,de
999 1336 1096 1394 tems
1118 1335 1152 1393 et
1178 1334 1374 1444 tenementm
1400 1349 1475 1442 quse

347 1455 380 1498 no
464 1441 561 1499 erunt
575 1435 711 1498 Roberti
734 1435 775 1498 de
792 1430 1302 1518 Ol1ffordnuperdefi1net1,qu1
1324 1429 1475 1494 danobis

258 1501 321 1548 Q
427 1535 537 1598 tenuit
551 1535 587 1598 in
602 1535 709 1622 capite
724 1535 760 1598 in
774 1535 898 1599 bellive
917 1539 1035 1609 vestra,
1052 1532 1106 1597 die
1121 1554 1185 1618 quo
1201 1531 1292 1610 obiit,
1308 1531 1475 1618 capiendis

427 1635 463 1698 in
485 1656 620 1700 manum
656 1641 812 1712 nostram,
835 1634 1022 1699 libertatem
1045 1633 1193 1720 praedicti
1218 1632 1361 1720 episcopi
1387 1632 1475 1696 inter

425 1757 527 1819 aquas
550 1737 590 1800 de
621 1736 715 1820 Tyne
745 1741 780 1800 et
804 1736 884 1799 Tese
906 1734 1044 1820 ingressi
1067 1734 1154 1814 estis,
1184 1734 1227 1797 ad
1257 1733 1474 1798 exercendum

426 1837 549 1900 ibidem
566 1837 707 1902 officium
723 1843 890 1912 vest1um3
907 1857 944 1900 ac
959 1837 1105 1900 maneria
1125 1836 1165 1898 de
1181 1835 1275 1899 Hert'
1292 1841 1326 1899 et
1339 1833 1474 1898 Hcrtre·
1549 1899 1555 1908 ,

426 1937 507 2022 pole,
523 1959 597 2001 eum
622 1939 777 2002 membris
792 1938 869 2016 suis,
887 1959 960 2023 quae
983 1937 1117 2000 fuerunt
1151 1937 1233 2002 dicti
1265 1936 1408 2012 Roberti,
1440 1943 1475 2000 ct

426 2058 500 2121 quae
516 2045 594 2104 sunt
616 2039 703 2102 infra
717 2039 903 2104 libertatem
925 2039 1128 2125 praedictam,
1143 2037 1275 2124 cepistis
1289 2037 1325 2101 in
1341 2059 1474 2101 manum

427 2145 581 2218 nostram,
620 2145 655 2204 et
688 2160 727 2204 ea
757 2141 792 2204 in
824 2161 924 2204 manu
957 2145 1070 2212 nostra
1101 2139 1267 2216 detinetis,
1305 2141 1340 2202 in
1370 2140 1473 2225 ipsius

427 2241 569 2326 episcopi
584 2247 618 2304 et
633 2241 775 2306 eeclesiae
791 2263 858 2306 suae
874 2240 1107 2305 Dunolmensis
1122 2263 1224 2327 grave
1239 2241 1474 2328 praejudicium,

427 2347 461 2406 et
483 2341 646 2406 libertatis
679 2364 747 2407 suae
781 2343 947 2428 praedietae
971 2342 1136 2408 laesionem
1169 2343 1385 2408 manifestam.
1431 2345 1476 2408 Et

426 2443 504 2526 quia
528 2441 664 2528 praefato
687 2443 836 2529 episeopo
871 2443 1022 2526 injuriari
1052 2444 1205 2508 nolumus
1230 2445 1265 2509 in
1283 2429 1352 2510 ¹hac
1375 2451 1475 2530 parte,

426 2541 520 2606 vobis
546 2544 740 2608 mandamus
763 2545 851 2628 quod
875 2543 915 2608 de
951 2544 1105 2608 maneriis
1132 2545 1306 2630 praedictis,
1332 2546 1360 2609 si
1389 2547 1477 2610 infra

426 2642 611 2708 libertatem
634 2645 825 2729 praedictam
850 2645 1002 2721 existent,
1026 2650 1060 2710 et
1086 2667 1133 2726 ea,
1154 2653 1193 2710 ut
1208 2648 1402 2731 praedictum
1418 2653 1476 2724 est,

426 2743 557 2828 cepistis
584 2745 620 2807 in
647 2751 779 2808 manum
806 2751 961 2824 nostram,
978 2767 1036 2810 vos
1060 2746 1199 2811 ulterius
1221 2769 1288 2813 non
1312 2749 1477 2814 intromit-

426 2844 529 2923 tatis;
554 2850 587 2908 et
613 2845 641 2909 si
657 2846 738 2929 quid
759 2847 836 2910 inde
858 2846 961 2911 levari
985 2847 1135 2926 feceritis,
1151 2849 1185 2914 id
1201 2851 1232 2914 ei
1248 2851 1343 2916 modo
1365 2852 1477 2916 debito

427 2943 497 3006 sine
513 2943 670 3009 dilatione
692 2947 822 3010 restitui
837 2947 974 3026 faciatis,
989 2948 1074 3013 nihil
1098 2951 1134 3014 in
1148 2951 1375 3038 praejudicium
1392 2953 1477 3038 ejus-

427 3043 503 3106 dem
526 3045 677 3131 episcopi,
700 3067 757 3110 seu
773 3046 934 3112 libertatis
959 3071 1027 3116 suae
1050 3052 1224 3137 praedictae,
1240 3053 1276 3116 in
1298 3053 1360 3119 hac
1382 3062 1476 3141 parte

426 3148 636 3210 attentantes.
657 3143 658 3146 ’
683 3146 780 3212 Teste
814 3149 946 3236 meipso,
988 3152 1076 3237 apud
1101 3153 1295 3232 Eboracum,
1324 3153 1396 3220 xv0.
1422 3157 1477 3222 die

428 3243 581 3329 Augusti,
605 3265 692 3311 anno
714 3248 807 3332 regni
828 3250 933 3314 nostri
956 3257 1078 3317 octavo.

260 3466 403 3561 ἔξω
428 3494 509 3546 Breve
524 3497 690 3560 mgismsori
701 3505 726 3548 et
804 3453 995 3532 Edwardus,
1022 3454 1085 3521 Dei
1111 3459 1227 3543 gratia,
1249 3481 1309 3525 rex
1331 3461 1475 3548 Angliae,

260 3566 399 3660 {ipim
428 3561 726 3678 gallitpiisffivillaemmnopi
759 3551 910 3617 dominus
932 3553 1111 3636 Hiberniae,
1134 3564 1168 3623 et
1190 3561 1260 3624 dux
1274 3562 1475 3646 Aquitaniae,

259 3665 411 3768 gpffimn·
428 3642 479 3741 ng}
497 3643 726 3759 molestiaendo'epil
759 3653 875 3738 majori
891 3660 926 3719 et
946 3656 1080 3722 ballivis
1103 3661 1171 3725 suis
1193 3663 1283 3728 villae
1299 3685 1366 3730 suae
1382 3663 1473 3729 Novi

259 3763 415 3857 {mm
428 3771 531 3833 scopum
560 3764 585 3808 et
612 3759 725 3810 homines
759 3755 867 3820 Castri
912 3777 1010 3843 super
1042 3759 1180 3845 Tynam,
1210 3764 1360 3830 salutem.
1421 3767 1476 3830 Ex

259 3815 401 3955 ppordi'i
427 3825 723 3889 ⁸³⁰⁸¹²¹⁸q¹²⁸d⁰ffl⁰‘
756 3861 850 3940 parte
874 3859 1071 3924 venerabilis
1093 3864 1205 3949 patris,
1221 3865 1363 3944 aimei,
1380 3867 1475 3932 Dun-

258 3925 403 4058 gpffids
427 3953 579 4020 olmensis
602 3957 753 4042 episcopi,
782 3957 878 4021 nobis
908 3966 959 4023 est
989 3965 1156 4027 ostensum
1187 3967 1274 4049 quod
1304 3967 1383 4032 licet
1404 3968 1474 4054 ipse

258 4060 330 4114 cyna
367 4027 407 4060 ver
426 4059 460 4118 et
490 4055 739 4141 praedeeesseres
761 4058 821 4134 sui,
854 4058 996 4146 episcopi
1022 4061 1084 4127 loci
1116 4065 1274 4151 pnedicti,
1297 4073 1332 4132 et
1361 4091 1473 4134 eorum

296 4201 301 4204 .
425 4155 581 4234 homines,
605 4157 692 4222 infra
716 4179 817 4243 aquas
842 4159 883 4222 de
899 4160 992 4244 Tyne
1017 4169 1052 4228 et
1075 4165 1155 4230 Tese
1182 4189 1240 4254 per
1262 4169 1355 4234 filum
1378 4193 1474 4256 aquae

426 4256 467 4320 de
483 4257 576 4342 Tync
591 4259 764 4343 predictae,
780 4253 983 4326 ascendendo
999 4269 1033 4330 et
1048 4266 1279 4348 descendendo,
1295 4293 1354 4357 per
1368 4278 1474 4337 totam

426 4363 585 4423 costeram
615 4359 819 4445 episcopatus
852 4363 1011 4446 praedicti,
1042 4367 1152 4451 pisces,
1181 4392 1300 4452 carnes,
1331 4373 1475 4451 bassam,

426 4460 589 4536 carbones,
612 4465 646 4524 et
667 4461 748 4526 alias
784 4483 834 4526 res
868 4483 1097 4551 quascumque,
1123 4475 1190 4535 tam
1218 4473 1349 4538 venales
1374 4497 1472 4559 quam

425 4579 493 4623 non
515 4559 655 4637 venales
680 4583 755 4626 cum
785 4563 927 4628 navibus
958 4571 993 4631 et
1024 4568 1153 4634 batellis
1176 4572 1252 4650 suis,
1280 4596 1408 4641 caroare
1439 4584 1473 4642 et

427 4659 611 4736 duseareare,
642 4666 676 4726 et
709 4664 883 4752 piscatores
920 4667 1065 4750 ejusdem
1099 4673 1304 4757 episcopatus
1329 4677 1365 4740 in
1388 4700 1475 4762 aqua
