3562 5710
416 683 503 754 1012
592 693 793 752 snorsrsmr
814 690 1016 750 smum
1038 691 1281 750 nmmmmsn

219 933 222 940 .
266 902 389 952 amma
415 909 513 978 super
544 887 641 956 dictis
674 887 816 976 negotiis
848 885 1033 969 tractaturi,
1057 889 1269 976 vestrumque
1291 887 1627 960 musiliano-neci

413 991 596 1079 impensuri
609 1015 618 1074 ;
639 991 896 1079 prremunientcs
910 991 1052 1078 priorem
1067 994 1102 1056 et
1117 989 1299 1079 capitulum
1320 991 1463 1060 ecclcsiae

411 1099 530 1160 vestrm
566 1093 808 1172 Dunolmensie,
841 1090 1092 1168 archidiaconos,
1124 1096 1297 1178 totumque
1331 1093 1461 1175 clerum,

410 1201 528 1263 vane
562 1195 719 1274 dioeoosis,
751 1194 840 1282 qued
873 1193 975 1260 iidem
1005 1192 1095 1282 prior
1126 1199 1161 1260 et
1182 1193 1402 1263 archidiaconi
1423 1197 1460 1262 in

409 1297 551 1386 propriis
573 1297 720 1385 personis
742 1297 818 1378 suis,
842 1300 877 1363 et
898 1295 1025 1362 dietum
1047 1294 1229 1382 capitulum
1258 1318 1317 1385 per
1346 1320 1459 1379 unum,

410 1401 564 1486 idemque
585 1399 691 1464 clerus
713 1420 772 1486 per
802 1397 883 1464 duos
914 1401 1139 1484 procuratores
1161 1397 1303 1480 idoneos,
1326 1399 1459 1486 plenam

405 1507 442 1568 et
473 1499 686 1567 sufficientem
717 1503 915 1588 potestatem
945 1498 989 1566 ab
1019 1499 1100 1587 ipsis
1131 1499 1276 1587 capitulo
1309 1506 1344 1566 et
1373 1504 1459 1570 clero

407 1604 575 1682 habentes,
590 1624 658 1670 una
679 1603 849 1669 vobiscum
871 1601 1039 1680 intersint,
1057 1601 1163 1666 modis
1193 1601 1354 1685 omnibns,
1378 1609 1457 1673 tnnc

408 1705 540 1784 ibidem,
563 1704 606 1772 sd
628 1703 814 1770 iaciendum
837 1709 872 1770 et
893 1702 1162 1770 consentiendum
1184 1702 1250 1769 hiis
1280 1726 1354 1792 qum
1376 1711 1458 1774 tunc

406 1808 447 1872 de
463 1806 629 1875 communi
644 1802 787 1887 consilio,
802 1805 936 1872 favente
951 1803 1103 1884 Domino,
1119 1804 1263 1871 ordinari
1284 1808 1458 1896 eontigerit

409 1931 506 1996 super
528 1907 671 1995 negotiis
693 1907 878 1976 antedictis.
924 1905 970 1973 Et
991 1907 1053 1974 hoc
1075 1905 1264 1974 milletenus
1288 1910 1457 1979 omittatis.
1546 1905 1554 1922 '

409 2011 506 2078 Teste
540 2011 676 2097 meipso,
700 2009 789 2096 apud
823 2008 1015 2088 Eboracum,
1039 2006 1145 2074 xxix⁰.
1179 2010 1232 2075 die
1255 2010 1348 2090 Julii,
1369 2033 1457 2080 anno

405 2115 498 2202 regni
520 2111 625 2179 nostri
648 2111 979 2193 octavo—Quocirca
994 2111 1100 2177 dictos
1115 2111 1257 2198 priorem
1272 2117 1306 2178 cb
1329 2113 1454 2202 capitu-

407 2217 476 2282 lum
509 2216 651 2282 ecclesiae
685 2219 806 2281 nostrae
830 2212 1072 2291 Dunolmensis,
1095 2235 1134 2278 ae
1155 2213 1400 2283 archidiaconos
1422 2225 1457 2284 ct

407 2317 528 2383 clerum
565 2322 753 2384 nostrarum
790 2316 937 2381 civitatis
975 2321 1009 2381 et
1046 2315 1202 2394 dioecesis,
1226 2319 1314 2404 quod
1346 2319 1400 2384 die
1422 2328 1456 2386 et

407 2421 476 2486 loco
514 2420 550 2484 in
581 2418 675 2486 breui
707 2419 878 2498 contentis,
910 2417 999 2505 apud
1030 2415 1220 2496 Eboracum,
1244 2419 1455 2487 celebrationi

408 2521 615 2610 parliamenti
638 2525 718 2588 tunc
740 2519 871 2599 ibidem,
887 2525 1019 2586 auctore
1041 2519 1195 2612 Dopnino,
1215 2521 1382 2604 faciendae,
1407 2545 1455 2588 ee-

406 2626 550 2690 cundum
581 2623 720 2689 formam
752 2627 786 2688 et
817 2626 962 2714 tenorem
994 2623 1099 2708 ipsius
1132 2622 1242 2688 brevis
1264 2622 1347 2710 regii
1369 2645 1455 2690 com-

406 2731 544 2812 pareant
559 2731 593 2793 et
607 2725 771 2804 intersint,
788 2746 846 2810 per
867 2745 927 2789 vos
949 2723 1045 2790 citeri
1078 2728 1112 2790 et
1145 2725 1337 2810 praemuniri
1360 2727 1454 2792 volu·

377 2848 476 2893 ·mue
507 2834 542 2893 et
573 2827 773 2892 mandamus.
827 2827 872 2892 Et
909 2826 989 2911 quid
1021 2825 1056 2890 in
1091 2828 1267 2914 praemissie
1300 2829 1452 2910 feceritis,

403 2930 506 3008 nobis,
529 2930 614 2996 citro
645 2929 770 2995 dictum
792 2929 890 3006 diem,
914 2929 1223 3008 constare-facietis,
1246 2953 1304 3017 per
1326 2937 1453 2998 vestrae

400 3036 550 3119 patentes
564 3030 770 3117 literas,'quoe
784 3029 901 3095 harum
917 3030 1033 3096 seriem
1042 3019 1284 3118 repraesentent
1325 3032 1451 3099 Datum

402 3134 491 3220 apud
524 3125 685 3220 Rykhale,
720 3131 800 3219 viij0.
833 3133 887 3198 die
917 3132 1071 3220 Augusti,
1104 3135 1317 3221 pontificatus
1348 3138 1453 3205 nostri

403 3257 490 3304 anno
513 3241 671 3335 quarto..
1218 3253 1221 3258 ·
1432 3245 1440 3258 '

235 3467 383 3514 uesanos
402 3469 520 3522 Redditio
539 3471 617 3522 enm
636 3472 668 3522 (ιθ
746 3437 938 3516 Edwmdue,
974 3436 1038 3504 Dei
1071 3440 1188 3526 gratia,
1209 3461 1270 3507 rex
1312 3441 1452 3531 Angliae,

234 3519 666 3614 &renascemur-mo-
702 3539 854 3604 eominus
876 3539 1057 3620 Hibcmiae,
1089 3547 1124 3608 es
1154 3542 1225 3608 oux
1247 3544 1449 3632 squamae,

234 3619 554 3722 ffifflfffflpomnibns
576 3639 619 3705 ad
641 3661 721 3726 quos
744 3645 921 3729 praesentes
942 3641 1048 3710 literae
1062 3645 1281 3730 pervenerint,
1297 3646 1445 3714 salutem.

234 3719 377 3765 “mum
402 3740 522 3806 Sciatis
544 3742 640 3826 quod,
662 3763 737 3809 cum
759 3743 955 3810 venerabilis
970 3751 1071 3831 pater,
1089 3745 1257 3827 Ricardns,
1281 3749 1450 3837 episcopus

401 3841 642 3923 Dunolmensis,
664 3865 777 3932 nuper,
800 3845 843 3910 sd
873 3846 1120 3932 requisitionem
1142 3855 1297 3930 nostram,
1320 3874 1449 3921 conces·

391 3945 481 4010 vecrit
517 3944 613 4010 nobis
650 3952 795 4013 castrum
832 3949 928 4013 suurn
950 3951 991 4014 de
1013 3949 1173 4032 Norbam,
1194 3953 1383 4021 habendum
1405 3958 1448 4024 cd

401 4046 579 4112 terminum
602 4047 703 4113 trium
727 4057 932 4128 annoruma
953 4055 1100 4140 tempore
1122 4055 1337 4122 concessionis
1358 4058 1448 4124 illius

402 4148 686 4229 numerandorum,
724 4172 783 4238 pro
820 4152 1003 4218 salvatione
1040 4160 1074 4219 et
1111 4155 1254 4222 tuitione
1291 4157 1447 4226 Marehiae

399 4253 497 4316 terrae
534 4257 655 4318 nostrae
692 4251 829 4334 Scotiae3
866 4275 934 4334 noe,
965 4255 1043 4321 lieet
1073 4259 1234 4325 terminus
1271 4261 1447 4348 praedictus

399 4353 547 4420 nondum
579 4354 624 4420 sit
645 4355 783 4442 elapsus,
807 4357 1004 4443 quibmdum
1036 4363 1148 4426 tamen
1171 4361 1212 4428 de
1234 4363 1350 4444 causis,
1373 4363 1445 4429 red·

400 4455 545 4522 didimus
576 4457 712 4542 prsefato
742 4458 892 4546 episcopo
928 4463 1072 4527 castrum
1109 4484 1205 4528 enum
1234 4467 1445 4552 praedietum,

399 4556 595 4636 habendum,
617 4579 692 4624 cum
714 4561 897 4640 armaturis,
920 4562 1118 4628 victualibus
1141 4570 1176 4630 et
1198 4567 1349 4633 omnibus
1371 4570 1446 4638 aliis
