3562 5714
423 814 487 878 932
608 823 804 875 susurrus
826 819 1029 873 rsmrrrurr
1051 818 1293 872 cormarcus

423 1114 466 1180 ad
496 1113 699 1180 scaccarium
721 1123 871 1180 nostrum
900 1111 1144 1188 atterminatur,
1167 1109 1266 1176 solvit
1299 1107 1396 1174 nobis
1425 1106 1468 1172 ad

424 1216 513 1282 idem
551 1215 753 1282 Scaccarium
791 1213 911 1299 lxxiiij.
927 1234 951 1279 c.
990 1213 1032 1278 de
1062 1212 1138 1278 fine.
1184 1211 1230 1276 Et
1261 1209 1334 1276 ideo
1373 1208 1468 1274 vobis

426 1320 628 1397 mandamus,
650 1317 739 1405 quod
760 1317 869 1404 ipsum
892 1309 1057 1402 Rogerum
1079 1337 1138 1402 pro
1168 1313 1212 1399 xj.
1230 1311 1266 1380 ii.
1290 1311 1374 1396 xiiij.
1390 1333 1413 1378 a.
1437 1316 1471 1377 et

426 1421 543 1507 lxxiiij.
560 1442 583 1486 a.
622 1418 788 1506 praedictis
833 1417 874 1482 de
908 1422 1025 1483 caetero
1068 1438 1135 1482 uon
1172 1414 1380 1501 distringatis
1392 1438 1400 1493 ;
1438 1417 1473 1478 et

425 1527 638 1607 sequestrum,
661 1521 690 1585 si
713 1519 801 1605 quod
830 1518 867 1583 in
889 1517 1022 1584 ecclesia
1043 1539 1104 1582 sua
1125 1516 1295 1603 praedicta,
1319 1537 1359 1581 ea
1381 1535 1471 1582 occa-

426 1625 524 1701 sione,
547 1623 668 1709 apponi
699 1621 849 1698 feceritis,
881 1620 952 1686 sine
978 1619 1137 1685 dilatione
1168 1619 1324 1684 relaxetis
1358 1619 1472 1683 eidem.

426 1724 531 1802 Teste,
553 1725 603 1790 W.
631 1724 672 1788 de
703 1723 866 1802 Norwico,
889 1721 980 1808 apud
1011 1720 1350 1798 westmonasterium,
1374 1719 1468 1802 xxiij.

428 1825 483 1890 die
514 1825 605 1902 Maii,
639 1847 726 1890 anno
748 1823 841 1911 regni
875 1823 980 1888 nostri
1012 1821 1227 1888 sexto-Per
1256 1821 1402 1887 rotulum
1435 1819 1476 1884 de

428 1927 600 2012 arreragiis
636 1926 776 1992 subsidii
812 1923 961 2012 praedicti
999 1924 1148 1990 liberatis
1190 1922 1234 1988 ad
1272 1921 1475 1988 scaccarium

429 2049 528 2115 super
549 2033 698 2114 compoto
720 2027 801 2091 dicti
823 2025 1012 2102 collectoris,
1034 2024 1143 2111 quoad
1166 2024 1211 2109 xj.
1228 2021 1264 2090 ta
1288 2023 1370 2109 xiiij.
1386 2044 1419 2101 a,
1442 2027 1477 2088 et

430 2151 530 2195 unam
553 2129 680 2194 talliam
703 2128 744 2194 de
767 2127 942 2204 Scaccario,
965 2126 1074 2212 quoad
1096 2124 1215 2210 lxxiiij.
1231 2146 1254 2192 s.

262 2347 394 2402 rueram
758 2329 951 2411 Edwardus,
989 2331 1053 2396 Dei
1090 2330 1208 2417 gratia,
1242 2351 1303 2395 rex
1334 2329 1477 2416 singlis,

263 2399 419 2443 mmmm,
431 2378 514 2428 Breve
539 2375 606 2443 regis
633 2391 678 2440 pro

262 2450 414 2544 mppr&
432 2443 679 2560 lspelaeuuewhite
712 2432 864 2497 dominus
896 2431 1077 2512 Hiberniae,
1110 2437 1144 2498 et
1177 2432 1247 2497 dux
1277 2431 1478 2518 Aquitania,
1513 2513 1516 2518 Ι

449 2525 502 2561 em·

262 2550 399 2593 trecense
713 2533 895 2599 venerabili
916 2535 954 2597 in
976 2533 1107 2599 Christo
1129 2521 1236 2619 patri,
1249 2531 1398 2630 Ricardo,
1425 2553 1479 2598 ea-

431 2637 506 2702 dem
521 2637 637 2723 gratia‚
661 2635 809 2722 episcopo
825 2634 1051 2710 Dunolmensi,
1066 2634 1215 2699 salutern.
1247 2633 1379 2698 Sciatis.
1390 2632 1478 2720 quod

262 2599 382 2646 olwhite·

263 2650 327 2694 bem.

430 2761 490 2804 nos
520 2738 670 2805 incuria
702 2743 825 2818 nostra,
851 2758 960 2802 coram
996 2737 1192 2822 justiciariis
1225 2737 1357 2815 nostris,
1388 2737 1478 2824 apud

430 2839 768 2916 westmonasterium,
802 2859 861 2924 per
883 2838 1178 2904 considerationem
1210 2837 1356 2923 ejusdem
1378 2837 1478 2904 curiae

431 2945 561 3017 nostrae,
586 2941 850 3027 recuperavimus
880 2941 1166 3026 praesentationem
1188 2944 1336 3005 nostram
1366 2960 1480 3004 versus

432 3065 499 3120 voa,
522 3042 565 3108 ad
588 3041 755 3106 ecclesiam
778 3040 819 3105 de
850 3040 1053 3106 whitebern.
1099 3041 1144 3105 Et
1166 3039 1241 3106 ideo
1263 3040 1359 3106 vobis
1388 3061 1480 3106 man-

433 3144 558 3222 damus,
573 3143 669 3229 quod,
685 3141 728 3207 ad
750 3141 1038 3227 praesentationem
1060 3148 1215 3219 nostram,
1232 3140 1275 3206 ad
1290 3141 1481 3228 praedictam

433 3245 600 3311 ecclesiam
622 3244 774 3310 idoneam
796 3264 967 3330 personam
997 3243 1192 3310 admittatis.
1237 3243 1345 3322 Teste,
1367 3242 1417 3310 W.
1441 3244 1481 3308 de

433 3345 607 3425 Beresord',
644 3344 734 3432 apud
775 3344 1114 3425 westmonasterium,
1144 3343 1388 3440 quintodecimo
1429 3345 1482 3410 die

433 3447 524 3525 Maii,
546 3468 632 3512 anno
654 3446 748 3534 regni
771 3447 876 3512 nostri
899 3449 1000 3513 sexto.

265 3655 408 3752 ssssffih,
436 3692 500 3742 Item
511 3692 579 3743 aliud
592 3695 668 3745 breve
702 3751 709 3765 ι
747 3649 940 3732 Edwardus,
966 3649 1030 3715 Dei
1058 3649 1180 3765 gratia,
1204 3653 1273 3728 etc,
1304 3649 1484 3717 venerabili

266 3758 400 3851 {¹}th
437 3774 495 3836 pro,
509 3761 595 3809 secem
628 3775 668 3811 ee-
700 3773 737 3815 m
752 3751 893 3828 Christo,
908 3755 968 3816 etc.
1014 3749 1133 3817 Scmtis
1149 3751 1237 3837 quod
1259 3773 1319 3818 nos
1340 3753 1483 3820 incuria

267 3819 417 3951 332}pr
437 3825 520 3875 elesa.
704 3857 825 3932 nostra,
860 3872 969 3917 coram
998 3851 1192 3936 justiciariis
1228 3854 1358 3932 nostris,
1395 3854 1483 3941 apud

267 3957 387 4050 wle-
437 3951 773 4033 westmonasterium,
804 3952 1070 4040 recuperavimus
1093 3955 1380 4040 praesentationem
1411 3977 1484 4021 nos-
1602 3969 1613 3984 ·

437 4059 532 4132 tram,
569 4074 683 4120 versus
716 4053 891 4119 Beraldum
923 4054 965 4119 de
1002 4053 1129 4141 Farges,
1164 4055 1209 4122 ad
1245 4056 1412 4122 ecclesim
1443 4055 1485 4121 de

437 4155 653 4234 whitebern',
667 4177 726 4243 per
747 4155 906 4222 defaltum
924 4155 1028 4240 ipsius
1043 4155 1186 4221 Beraldi.
1232 4157 1278 4222 Et
1299 4157 1374 4223 ideo
1389 4157 1486 4223 vobis

438 4258 641 4335 mandamus,
673 4257 770 4343 quod,
791 4279 859 4323 non
886 4258 1040 4323 obstante
1069 4257 1302 4324 reclamatione
1335 4260 1486 4346 praedicti

438 4357 578 4437 Beraldi,
617 4360 661 4424 ad
698 4360 987 4446 praesentationem
1021 4364 1176 4441 nostram,
1212 4359 1257 4425 ad
1294 4362 1485 4446 praedictam

439 4460 604 4526 ecclesiam
633 4461 783 4527 idoneam
806 4483 979 4548 personam
1001 4461 1196 4530 admittatis.
1243 4462 1349 4540 Teste,
1371 4463 1422 4530 w.
1446 4464 1487 4528 de

440 4560 613 4640 Beresord',
637 4561 727 4650 apud
748 4562 1086 4641 Westmonasterium,
1108 4563 1182 4651 xijo.
1205 4564 1260 4632 die
1286 4565 1377 4645 Maii,
1399 4585 1488 4634 anno

439 4663 533 4750 regni
555 4664 658 4729 nostri
680 4669 781 4731 sexto.
