3562 5710
529 815 729 866 rssrsmuu
751 813 954 900 rsmrruuu
977 815 1217 866 nusnnunrrsr„
1309 798 1396 872 1047

173 1021 331 1076 inspires.
349 1002 393 1067 sd
418 1003 576 1069 standum
598 1005 687 1068 recto
710 1002 751 1068 de
774 1002 887 1067 eedem
909 1001 1174 1089 transgressione,
1196 1007 1237 1069 ut
1258 1009 1309 1070 est
1331 1005 1396 1071 dio·
1413 1015 1545 1062 cnam.

346 1108 430 1185 tum,
465 1109 546 1171 tuno
579 1104 688 1191 ipsum
720 1125 741 1170 e
773 1104 906 1191 prisone
938 1105 1097 1190 prcedicts
1129 1127 1187 1192 per
1208 1105 1396 1191 hujusmodi

348 1207 636 1295 manucaptionem
669 1206 803 1272 interim
838 1206 1023 1285 deliberari,
1061 1212 1096 1272 et
1132 1207 1273 1274 ulterius
1309 1210 1396 1287 inde,

347 1310 526 1382 secundum
559 1311 664 1397 legem
695 1312 729 1374 et
760 1309 1029 1375 consuetudinem
1050 1309 1234 1396 praedictes,
1268 1313 1395 1391 deduci,

346 1412 457 1478 debite
479 1412 639 1489 feceretis,
662 1418 697 1477 et
720 1411 749 1476 si
772 1431 869 1476 cause
902 1411 1015 1498 eliqua
1050 1411 1206 1492 subesset,
1230 1414 1272 1479 ob
1294 1437 1392 1502 quam

344 1514 433 1580 idem
468 1513 662 1600 Rcdulphus
695 1512 917 1600 replegisbilis
939 1533 1007 1580 ηοη
1041 1513 1205 1592 existeret,
1232 1521 1313 1581 tunc
1334 1539 1395 1583 nos

347 1617 389 1682 de
411 1637 508 1682 cause
530 1615 589 1680 illo
610 1615 790 1698 redderetis
822 1615 978 1682 distincte
1001 1621 1035 1682 et
1057 1621 1179 1703 speres,
1201 1616 1262 1682 sub
1286 1619 1394 1704 sigillo
1549 1703 1557 1710 ,

350 1724 470 1797 vestro,
485 1718 645 1798 certiores,
667 1718 763 1784 nobis
785 1717 884 1784 breve
906 1725 1066 1796 nostrum,
1089 1719 1177 1805 quod
1200 1719 1295 1786 vobis
1317 1722 1395 1788 inde
1503 1717 1506 1725 ’

343 1821 473 1887 venerit
505 1820 715 1886 remittendo.
762 1819 830 1908 Vos
861 1819 1019 1886 mendeto
1041 1825 1153 1886 nostro
1176 1822 1334 1908 proedicto
1356 1831 1396 1890 ut

343 1923 534 2012 accepimus,
558 1922 743 2002 illudentes,
766 1921 942 2011 praefstum
974 1922 1187 2010 Rcdulphum
1221 1926 1396 2013 spriscne

342 2047 410 2114 qus
439 2027 487 2092 sio
517 2025 739 2107 detinebatur,
777 2047 836 2112 per
868 2027 1156 2111 manucaptionem
1191 2027 1338 2094 debitam
1360 2035 1395 2095 et

342 2129 430 2194 infre
451 2149 589 2216 regnum
624 2133 774 2194 nostrum
796 2127 966 2205 usitatam,
989 2125 1116 2192 virtute
1143 2127 1224 2194 dicti
1246 2131 1395 2197 mandeti

343 2230 456 2308 nostri,
490 2230 664 2296 deliberari
697 2230 810 2308 facere,
845 2229 900 2294 vel
936 2248 996 2293 nos
1029 2229 1069 2292 de
1099 2249 1198 2294 cause
1228 2253 1328 2322 quere
1358 2234 1394 2298 id

342 2333 448 2398 fecere
470 2353 536 2396 non
559 2331 723 2397 deberetis
745 2331 898 2396 certiores
921 2330 1065 2408 reddere,
1087 2351 1155 2396 non
1177 2334 1321 2416 curastis,
1338 2337 1395 2401 sed

343 2436 453 2522 ipsum
476 2433 690 2521 Rodulphum
713 2453 882 2520 quousque
904 2432 975 2519 ipse
999 2433 1157 2518 quosdam
1180 2433 1330 2501 homines
1353 2437 1395 2504 de

343 2537 434 2603 dicte
454 2536 608 2602 libertate
634 2539 752 2613 vestre,
768 2535 827 2621 qui
841 2557 900 2622 per
915 2535 1081 2621 quoddam
1096 2535 1264 2624 scriptum,
1279 2538 1404 2627 sigillis.
1425 2581 1429 2586 -
1450 2552 1453 2558 '

342 2639 520 2704 eorundem
542 2637 712 2703 hominum
743 2636 918 2724 signatum,
941 2636 1003 2702 sub
1034 2657 1134 2724 poens
1155 2642 1287 2704 centum
1309 2663 1395 2708 mer·

345 2763 457 2806 cerum
479 2741 575 2806 vobis
597 2761 656 2827 per
677 2740 766 2826 ipsos
789 2739 1030 2817 solvendarum,
1046 2746 1313 2828 manuceperunt,
1337 2744 1395 2809 he·

344 2842 421 2910 bere
444 2841 585 2908 eundem
616 2841 830 2928 Redulphum
864 2861 973 2908 eorem
995 2841 1099 2922 vobis,
1122 2841 1166 2908 ed
1187 2842 1395 2910 voluntatem

345 2950 499 3027 vestram,
522 2943 611 3008 infre
644 2944 790 3029 quinque
824 2942 901 3020 dies,
936 2947 1111 3031 postquem
1144 2944 1223 3010 inde
1256 2967 1315 3032 per
1336 2968 1396 3012 vos

347 3048 472 3114 fuerint
505 3045 707 3133 praemuniti,
741 3044 837 3109 vobis
868 3044 1057 3123 invenisset,
1089 3044 1215 3111 ibidem
1245 3047 1396 3136 impriso-

347 3153 464 3215 netum
486 3147 675 3215 voluntarie
698 3146 897 3226 detinuistis,
913 3167 971 3232 per
993 3147 1083 3232 quod
1098 3147 1186 3213 idem
1202 3147 1397 3238 Redulphus
1487 3217 1491 3226 ,

345 3253 452 3318 adbuc
474 3273 508 3317 se
531 3271 552 3317 e
573 3248 725 3337 pertibus
746 3248 822 3326 illis,
841 3248 883 3312 sd
899 3249 1032 3335 negotio
1046 3269 1106 3314 sue
1127 3252 1350 3336 prosequende
1364 3259 1398 3318 et

346 3353 552 3421 commodum
567 3373 665 3418 suum
680 3349 762 3417 elius
784 3347 979 3429 faciendum,
996 3351 1162 3416 commode
1185 3372 1252 3417 non
1274 3356 1398 3440 poterit

346 3456 507 3544 elongare,
546 3452 603 3519 sed
634 3453 758 3518 ibidem
789 3450 945 3518 continue
975 3452 1125 3530 residere,
1162 3458 1254 3518 metu
1291 3476 1398 3542 poenes

347 3557 554 3645 compellitur
568 3557 766 3635 memorstae,
790 3553 833 3620 sd
856 3554 1013 3619 damnum
1028 3575 1125 3619 suum
1140 3576 1208 3620 non
1222 3556 1395 3638 modicum,

347 3666 382 3727 et
404 3663 512 3725 status
536 3659 588 3723 sui
611 3656 860 3743 depressionem,
874 3677 913 3720 ec
934 3656 1041 3721 nostri
1064 3660 1098 3720 et
1120 3657 1271 3724 mandeti
1293 3661 1397 3724 nostri

347 3760 497 3849 prsedicti
527 3764 752 3845 contemptum
774 3756 996 3837 menifestum,
1019 3758 1105 3822 sicut
1127 3777 1169 3822 ex
1192 3758 1324 3844 querele
1338 3781 1398 3852 sue

349 3865 532 3950 accepimus
554 3862 694 3928 iterate:
719 3866 754 3926 et
772 3860 860 3945 quod
882 3859 1221 3939 sustinerenolumus,
1236 3861 1322 3927 deut
1336 3884 1397 3929 nec

351 3967 517 4045 debemus,
544 3965 633 4051 quod
655 3962 814 4050 praefstus
844 3960 1048 4047 Redulphns,
1071 3961 1133 4041 cui,
1160 3963 1245 4028 sicut
1270 3965 1397 4031 caetcris
1534 4007 1537 4012 -

349 4069 566 4153 undecunque
599 4067 640 4131 de
661 4085 764 4152 regno
786 4067 900 4131 nostro
923 4083 1045 4141 sumus,
1068 4063 1197 4128 ratione
1226 4065 1399 4152 dignitatis

347 4175 469 4235 nostrae
490 4168 599 4255 regiae,
615 4173 650 4233 et
672 4166 848 4254 superioris
864 4165 1003 4231 dominii
1025 4164 1139 4243 nostri,
1154 4165 1191 4229 in
1213 4165 1400 4236 exhibendo

343 4272 479 4358 justitie
511 4270 685 4349 debitores,
708 4268 822 4334 taliter
855 4267 1067 4356 opprimetur,
1090 4255 1209 4357 contra·
1222 4268 1397 4354 justitiam,

348 4396 406 4439 seu
427 4379 603 4460 gravetur3
625 4371 720 4437 vobis
738 4372 942 4452 mandemus,
959 4371 1048 4456 quod
1070 4369 1099 4436 si
1120 4369 1170 4436 ito
1191 4371 1245 4448 sit,
1259 4376 1341 4438 tuno
1355 4373 1397 4439 sb

353 4475 543 4562 hujusmodi
565 4473 813 4563 gravaminibus
835 4479 869 4539 et
891 4472 1057 4552 molestiis,
1073 4472 1270 4538 voluntariis
1292 4479 1326 4539 et
1346 4476 1397 4540 in·

350 4578 481 4656 debitis,
504 4579 568 4664 ipsi
590 4575 766 4663 Rcdulpho
788 4575 826 4640 in
846 4575 909 4641 hec
940 4579 1033 4662 perte
1065 4574 1243 4641 inferendis
1265 4574 1397 4662 penitus

354 4683 560 4758 desistentes,
584 4679 620 4744 id
643 4679 731 4764 quod
763 4699 822 4765 per
850 4697 910 4743 vos
943 4675 1090 4742 indebite
1124 4681 1325 4744 attentatum
1346 4685 1397 4744 est
