3506 5702
407 789 473 865 774
596 805 794 858 cnemrnuu
815 803 1019 858 runarruuu
1041 804 1283 858 nuruumsn

258 1017 380 1065 annus.
409 1017 467 1084 per
497 1014 613 1060 verum
645 997 680 1060 et
709 993 895 1080 legitimum
927 997 1171 1081 procuratorem
1200 993 1273 1060 fieri
1294 997 1633 1081 potamau-usses

409 1118 467 1164 seu
490 1095 646 1182 expediri,
679 1095 810 1162 etiamsi
832 1096 1024 1162 mandatum
1047 1096 1186 1182 exigant
1200 1097 1346 1184 specide.
1397 1098 1462 1165 Pro

410 1201 524 1266 codem
545 1221 625 1264 vero
647 1204 854 1285 procuratore
876 1219 956 1280 meo,
973 1205 1007 1264 et
1022 1197 1253 1266 substituendo
1274 1201 1318 1266 ab
1341 1201 1463 1280 eodem,

412 1322 481 1368 rem
504 1304 612 1366 ratam
642 1300 765 1379 haberi,
789 1305 824 1367 et
849 1300 1036 1387 judicatum
1068 1300 1161 1379 solvi,
1184 1299 1246 1366 sub
1276 1301 1463 1387 hypotheca

413 1425 524 1470 rerum
562 1423 721 1484 mearum,
744 1403 911 1489 promitto,
943 1408 977 1468 et
1010 1402 1179 1469 cautiones
1212 1423 1351 1489 expono.
1419 1404 1462 1468 In

413 1507 506 1592 cujus
528 1504 576 1570 rei
598 1505 836 1584 testimonium,
863 1503 1009 1592 sigillum
1030 1525 1141 1570 mcum
1163 1504 1383 1592 praesentibus
1403 1527 1462 1593 ap

413 1608 516 1696 posui.
564 1607 609 1674 Et
624 1608 703 1693 quia
717 1608 863 1694 sigillum
878 1629 988 1674 meum
1003 1607 1168 1695 plerisque
1183 1614 1234 1674 est
1249 1607 1461 1696 incognitum,

414 1712 558 1798 sigillum
583 1708 792 1776 officialitatis
818 1709 1071 1776 Serisburiensis
1102 1709 1321 1797 presentibus
1340 1711 1462 1797 apponi

412 1813 626 1900 personaliter
663 1812 845 1899 procuravi
904 1813 1030 1879 Datum
1068 1811 1263 1880 Sar‘isburiae
1301 1813 1357 1879 ixa
1395 1811 1461 1878 kal.

412 1914 576 1991 ianuarii,
599 1934 687 1981 anne
710 1913 846 1981 Domini
868 1914 1043 1981 millesimo
1065 1927 1140 1983 cem.
1164 1913 1417 2000 quintodecimo.

279 2136 369 2182 turb.
411 2151 500 2204 pm,
532 2148 677 2218 13,me&
761 2120 935 2187 Universis
984 2125 1106 2188 sanctae
1158 2121 1274 2188 matris
1320 2119 1462 2187 ccclesioe

246 2199 375 2294 ⁰³⁰³⁰ii
411 2219 495 2272 Μ’
710 2225 788 2292 filiis
827 2229 942 2311 pateat
971 2243 1029 2310 per
1058 2227 1245 2309 praescntes,
1268 2222 1357 2309 quod
1392 2241 1462 2298 nos,

245 2250 369 2402 &iii
413 2333 582 2410 Ricardus,
612 2329 826 2419 permissione
857 2325 980 2403 divina,
1018 2324 1250 2393 Dunolmensis
1283 2325 1462 2413 episcopus,

243 2401 395 2498 imm
413 2435 576 2501 virtutum
601 2438 636 2498 et
659 2429 845 2498 sanctitatis
867 2427 988 2494 merita
1009 2417 1183 2499 reverendi
1217 2427 1282 2492 viri
1311 2429 1461 2515 magistri

415 2535 607 2622 Raymundi
640 2532 750 2610 Fabri,
773 2530 917 2598 cantoris
949 2527 1170 2609 Gamotensis,
1204 2529 1403 2596 sanctissimi
1425 2531 1462 2596 in

415 2637 548 2705 Christo
578 2635 686 2723 patris
716 2637 753 2699 et
782 2631 909 2698 domini
943 2630 1059 2709 nostri,
1088 2631 1217 2697 domini
1239 2683 1246 2697 .
1270 2684 1278 2700 .
1301 2682 1318 2711 .‚
1341 2633 1462 2698 summi

413 2739 588 2828 pontificis,
622 2735 829 2814 thesaurarii,
861 2733 982 2820 quibus
1015 2732 1246 2819 multipliciter
1276 2733 1462 2802 dinoscitur

413 2841 574 2930 insigniri,
590 2844 751 2927 grataque
767 2835 953 2903 dilectionis
968 2857 1068 2923 opera
1081 2836 1119 2900 in
1133 2835 1255 2902 nostris
1271 2841 1306 2902 ct
1320 2836 1462 2903 ecelesia

413 2953 536 3015 nostres
557 2945 700 3034 negotiis
716 2941 934 3009 diversimode
956 2943 1112 3028 impensa,
1127 2962 1165 3008 ac
1187 2941 1349 3009 fervorem
1370 2963 1462 3030 purae

413 3048 599 3117 dilectionis
614 3068 715 3134 quam
738 3067 816 3133 erga
836 3066 898 3110 nos
920 3049 955 3110 et
976 3043 1146 3111 ecclesiam
1161 3048 1308 3110 nostram
1323 3044 1462 3127 obtinet,

413 3153 544 3242 plenius
566 3148 783 3225 attendentes,
807 3167 850 3212 ex
871 3146 985 3212 debito
1008 3146 1190 3211 excitamur
1212 3151 1248 3211 et
1274 3147 1463 3212 inducimur

414 3251 642 3320 favorabiliter
656 3249 814 3336 prosequi
828 3269 867 3314 ea
882 3269 956 3335 quea
978 3246 1082 3333 ipsius
1103 3246 1237 3312 honoris
1252 3253 1287 3314 et
1301 3249 1463 3315 commodi

413 3358 574 3444 respicere
605 3355 764 3440 poterunt
794 3351 1053 3416 incrementum:
1090 3371 1235 3416 annuam
1257 3351 1361 3440 igitur
1381 3374 1463 3439 pen·

415 3459 542 3525 sionem
557 3453 681 3542 viginti
695 3453 855 3520 librarum
877 3451 1089 3518 bonorumet
1110 3452 1266 3540 legalium
1288 3453 1463 3540 sterlingo-

413 3584 498 3643 rum,
514 3560 556 3625 de
578 3556 674 3623 nobis
696 3555 834 3642 singulis
855 3554 960 3634 annis,
984 3553 1021 3618 in
1042 3554 1127 3621 festo
1141 3554 1343 3622 Nativitatis
1367 3557 1463 3624 Beati

415 3661 580 3728 Johannis
601 3657 763 3744 Baptistae
785 3657 823 3721 in
851 3656 1002 3722 Romana
1024 3657 1122 3734 curia,
1145 3657 1199 3723 vel
1221 3657 1258 3723 in
1280 3657 1405 3746 anglia
1426 3661 1463 3724 in

415 3763 554 3830 civitate
575 3758 740 3836 Londinii,
762 3755 1053 3845 percipiendarum,
1076 3758 1185 3845 quoad
1215 3759 1347 3838 viverit,
1378 3761 1462 3826 dux·

414 3863 537 3931 erimus
559 3857 807 3926 concedendam
852 3859 895 3924 ln
931 3859 1025 3945 cujus
1061 3859 1110 3925 rei
1142 3859 1379 3940 testimonium,
1401 3862 1461 3928 has

411 3966 527 4031 literas
548 3965 676 4028 nostras
698 3959 778 4026 inde
799 3958 872 4026 fieri
894 3959 1030 4028 fecimus
1052 3965 1213 4049 patentes,
1234 3961 1336 4049 sigilli
1357 3966 1462 4030 nostri

414 4065 606 4133 munimine
629 4062 810 4129 roboratae
855 4062 985 4129 Datum
1006 4064 1097 4150 apud
1110 4063 1298 4145 Aukeland,
1314 4064 1388 4151 iiij⁰.
1409 4067 1463 4134 die

413 4167 535 4236 mensis
557 4165 755 4245 Decembris,
770 4183 857 4231 anno
879 4164 1016 4246 Domini
1038 4165 1210 4232 millesimo
1232 4167 1389 4255 ccc⁰.xiij⁰.

247 4383 398 4479 fffflglffl
416 4407 567 4462 commissio
617 4405 685 4457 sm,
762 4369 951 4436 Venerabili
985 4371 1021 4436 in
1055 4371 1187 4439 Christe
1209 4373 1306 4461 patri,
1328 4373 1461 4442 domino

217 4485 350 4582 'iffi
418 4473 683 4540 episeoponeenensi.
718 4471 839 4552 David,
861 4473 925 4539 Dei
956 4474 1073 4561 gratia,
1097 4474 1247 4562 episcopo
1278 4476 1461 4560 Recreensi,

308 4655 311 4660 y
421 4574 590 4656 Ricardus,
613 4574 822 4660 permissione
848 4574 1007 4664 [divina],
1027 4576 1261 4644 Dunolmensis
1283 4579 1461 4665 episeopus,

414 4674 555 4746 salutem
577 4680 612 4742 et
633 4675 814 4745 fraternam
835 4677 872 4745 in
894 4678 1037 4747 Domino
1059 4679 1239 4750 cantatam.
1283 4681 1335 4748 De
1349 4687 1463 4748 vestra
