3566 5712
504 828 703 882 ammantat
726 824 929 880 rammuuu
951 827 1194 882 nursmmsn.
1307 817 1370 884 991

152 1038 310 1094 nasama.
323 1020 547 1100 existentium,
570 1043 612 1088 ne
644 1043 702 1109 per
734 1020 919 1108 aliquorum
950 1021 1181 1108 usurpationes
1210 1021 1374 1090 indebitas
1402 1028 1459 1076 w·
1467 1031 1525 1078 1³1⁴·

323 1125 569 1204 subtrahantur,
603 1124 657 1190 vel
686 1123 873 1209 aliqualiter
911 1124 1149 1202 diminuantur,
1171 1125 1374 1212 temporibus

325 1228 444 1311 quibus
467 1227 582 1294 domus
597 1227 785 1313 hujusmodi
801 1227 838 1290 in
860 1249 961 1293 manu
976 1232 1011 1292 et
1025 1229 1061 1292 in
1084 1227 1232 1293 custodia
1253 1233 1373 1306 nostra,

323 1330 451 1394 ratione
473 1329 681 1394 vacationum
704 1328 890 1407 earundem,
905 1329 1038 1408 fuerint,
1054 1330 1275 1396 conservanda
1290 1329 1374 1396 inte·

322 1454 383 1519 gra
405 1436 439 1496 et
461 1431 572 1507 illaesa,
587 1435 622 1496 et
645 1431 823 1511 subtracta,
838 1431 867 1495 si
893 1451 968 1516 quae
990 1431 1123 1510 firerint,
1138 1431 1194 1496 vel
1208 1436 1374 1518 occupata,

324 1535 360 1600 in
382 1537 507 1598 statum
530 1533 708 1620 pristinum
737 1533 931 1621 reponenda,
955 1553 993 1598 eo
1015 1533 1193 1600 studiosius
1215 1555 1277 1600 nos
1300 1555 1375 1598 eon·

323 1637 416 1700 venit
453 1656 547 1722 opem
585 1640 619 1700 et
656 1655 787 1720 operam
824 1634 991 1713 adhibere,
1020 1657 1085 1720 quo
1121 1637 1164 1702 ad
1202 1636 1272 1717 hoo,
1305 1641 1375 1702 tam

324 1738 451 1802 ratione
488 1738 586 1824 regiae
618 1737 792 1823 dignitatis
826 1742 956 1815 nostrae,
986 1759 1085 1822 quam
1117 1760 1176 1825 pro
1208 1760 1253 1816 eo,
1288 1739 1376 1824 quod

324 1841 512 1925 hujusmodi
550 1841 767 1927 possessiones
800 1844 834 1905 et
861 1840 946 1924 jura,
977 1844 1123 1925 tempore
1154 1841 1375 1908 restitutionis

326 1944 511 2022 eorundem,
544 1943 625 2008 adeo
656 1942 787 2029 integra
816 1943 990 2008 restituere
1024 1948 1183 2020 tenemur,
1214 1944 1300 2009 sieut
1331 1946 1375 2009 ad

324 2043 442 2110 manus
464 2050 601 2124 nostras,
624 2046 753 2112 ratione
776 2045 987 2110 vacationum
1015 2045 1247 2130 praedictarum
1278 2045 1375 2112 deve·

323 2152 453 2225 nerunt,
476 2148 580 2213 teneri
603 2146 811 2224 dinoscimur,
834 2151 868 2212 et
899 2147 1046 2232 astringi.
1093 2145 1186 2210 Cum·
1201 2147 1313 2232 igitur,
1337 2152 1376 2212 ut

324 2250 515 2335 accepimns,
553 2250 687 2315 ecelesia
723 2249 764 2314 de
801 2248 1007 2334 Oonyselyve
1053 2253 1172 2315 vestrae
1217 2249 1375 2329 dioeoesis,

326 2352 469 2418 eoelesioe
501 2351 645 2417 abbatim
679 2351 719 2416 de
743 2351 865 2417 Sancto
893 2350 1018 2416 Albano
1048 2349 1166 2417 fuisset
1188 2352 1375 2438 antiquitus

324 2454 546 2540 appropriata,
561 2455 761 2539 abbatesque
776 2457 810 2518 et
825 2457 1008 2519 conventus
1023 2452 1168 2538 ejusdem
1183 2453 1247 2520 loci
1269 2455 1373 2541 ipsam

325 2556 491 2622 eeclesiam
525 2555 565 2620 de
600 2555 809 2640 Ooneselyve,
832 2576 853 2618 a
875 2576 994 2641 magno
1025 2559 1172 2642 tempore
1203 2561 1373 2636 retroacto,

325 2658 360 2722 in
375 2657 524 2743 proprios
547 2679 625 2724 usus
648 2657 782 2744 pacifice
805 2658 1000 2735 tenuissent,
1022 2678 1191 2743 quousque
1206 2658 1374 2724 Antonius

323 2782 430 2846 nuper
453 2758 685 2825 Dunelmensis
708 2759 886 2846 episeopus,
902 2760 1118 2846 praedeeessor
1138 2764 1256 2837 vester,
1273 2780 1374 2846 quen·

325 2864 401 2928 dam
434 2861 587 2928 clericum
621 2882 678 2947 per
716 2861 912 2940 tentonem,
936 2862 1269 2948 quondambrronem
1308 2863 1349 2928 da
1376 2945 1383 2956 ·

324 2965 506 3051 Oraystok'‚
531 2968 675 3050 ternpore
698 2985 762 3050 quo
796 2964 930 3030 abbatia
960 2964 1127 3049 praedicta,
1149 2986 1207 3052 per
1236 2969 1374 3031 mortem

232 3090 236 3098 ·
324 3067 446 3154 Rogeri
469 3089 574 3152 nuper
596 3067 726 3132 abbatis
740 3067 885 3153 ejusdem
908 3065 971 3132 loci
992 3067 1133 3147 vaeavit,
1157 3071 1192 3132 et
1214 3068 1251 3132 in
1275 3089 1375 3134 manu

303 3169 451 3233 ,domiui
485 3169 649 3246 Edwardi,
674 3168 838 3254 quondam
861 3168 948 3256 regis
970 3169 1110 3255 Angliae,
1134 3171 1238 3256 patris
1261 3171 1374 3249 nostri,

324 3271 448 3350 extitit,
464 3276 709 3357 praesentatum,
724 3272 767 3336 ad
790 3272 896 3358 ipsam
919 3271 1086 3338 eeclesiam
1109 3272 1150 3336 de
1174 3271 1375 3359 Conesolyve

324 3373 466 3452 admisit,
483 3378 517 3438 et
538 3377 695 3439 rectorem
711 3373 859 3438 instituit
881 3373 918 3437 in
940 3373 1062 3450 eadem,
1077 3373 1375 3458 appropriationem

325 3475 527 3562 praedietam,
550 3475 661 3560 aliquo
693 3475 813 3541 abbate
836 3474 981 3560 ejusdem
1013 3474 1076 3539 looi
1098 3474 1135 3538 in
1159 3474 1286 3559 judicio
1307 3497 1376 3540 non

324 3583 449 3660 vocato,
473 3599 651 3664 seusuper
673 3577 734 3643 hoo
757 3576 907 3654 alloout0,
929 3579 988 3640 aut
1003 3575 1193 3660 aliqualiter
1215 3577 1376 3655 convicto,

324 3680 438 3746 taliter
459 3679 660 3746 adnullando
672 3703 681 3759 3
713 3679 801 3763 quod
823 3679 852 3743 si
874 3675 1077 3757 toleraretur,
1099 3683 1170 3744 tam
1204 3677 1241 3742 in
1271 3679 1376 3746 nostri

325 3783 534 3868 dispendium
565 3803 633 3847 non
654 3781 828 3858 modicum,
851 3802 948 3866 quam
972 3780 1139 3867 praedictae
1171 3780 1312 3848 ecelesiae
1335 3783 1376 3848 do

326 3883 447 3949 Sancto
471 3883 610 3962 Alban0,
633 3883 673 3948 de
704 3883 949 3970 progenitorum
980 3887 1165 3948 nostrorum
1197 3889 1232 3950 et
1253 3886 1375 3950 nostris

325 3985 539 4071 eleemosynis
561 3985 718 4066 sundatae,
743 3984 1039 4052 exhaeredationem
1070 3985 1199 4051 eederet
1221 3987 1374 4052 manifes-

327 4094 416 4153 tam:
454 4109 522 4166 nm,
546 4087 694 4153 volentes
723 4087 912 4172 hujusmodi
944 4086 1157 4152 indemnitati
1188 4092 1316 4168 nostrae,
1340 4093 1375 4154 et

325 4189 457 4256 abbatis
480 4193 513 4254 et
537 4195 719 4254 conventus
741 4188 888 4273 ejusdem
904 4187 975 4264 looi,
991 4188 1155 4273 profitere,
1171 4193 1206 4253 et
1227 4189 1263 4252 id
1286 4190 1374 4274 quod

326 4297 470 4378 tempore
485 4291 667 4358 vacationis
682 4289 825 4356 abbatiae
849 4289 1024 4374 praedietae,
1039 4291 1152 4355 taliter
1168 4290 1374 4356 subtractum

325 4394 433 4472 suerit,
455 4395 491 4459 in
514 4399 639 4460 statum
655 4395 832 4480 pristinum
855 4392 966 4457 reduci
988 4393 1085 4457 modo
1108 4413 1172 4478 quo
1194 4394 1375 4479 poterimus

326 4496 479 4571 meliore;
511 4496 693 4584 praesertim
716 4516 790 4560 oum
814 4498 994 4560 conventus
1018 4495 1204 4581 praediatus,
1228 4501 1374 4583 tempore

326 4599 492 4686 praedictae
530 4599 722 4676 vacationis,
760 4598 862 4663 aliurn
900 4619 999 4683 quam
1038 4598 1212 4684 praefatum
1247 4605 1373 4684 patrem

325 4707 476 4768 nostrum
507 4722 576 4765 non
610 4700 729 4766 habuit
752 4700 964 4777 defensorem,
988 4751 994 4764 .
1020 4751 1026 4768 .
1051 4700 1147 4766 vobis
1169 4703 1375 4782 mandamus,
