3566 5712
413 909 416 914 Ι
508 835 706 887 unorsrauu
729 833 933 885 ranarnruu
956 833 1195 885 urrunnunusn.
1313 820 1377 883 825

163 1023 381 1094 mnaseasia
418 1027 478 1088 tua
509 1020 721 1087 residentiam
754 1019 860 1087 facere
894 1021 1029 1086 minime
1063 1021 1214 1098 tenearis,
1246 1023 1305 1086 etc.
1340 1026 1380 1084 ut
1413 1041 1535 1087 nurus.

330 1145 449 1210 supra
494 1123 620 1189 Datum
654 1123 743 1209 apud
776 1122 957 1202 Alverton',
990 1121 1050 1208 vj⁰.
1084 1123 1137 1188 die
1169 1120 1379 1208 Septembris,

331 1246 418 1290 anno
456 1224 592 1289 Domini
630 1229 688 1290 etc.
730 1222 1016 1312 [u0.cccm0.]xvj⁰.‚
1055 1229 1089 1290 et
1128 1223 1381 1290 consecrationis

330 1331 453 1393 nostrae
475 1331 578 1392 sexto.

331 1551 381 1601 Ino
469 1552 475 1565 ,
579 1482 837 1562 Memorandum,
861 1485 957 1569 quod,
981 1504 1067 1548 nono
1090 1482 1143 1548 die
1171 1482 1381 1569 Septembris,
1395 1503 1536 1598 rnaupanoe

381 1553 500 1618 algentia
1393 1555 1450 1598 ouo
1475 1568 1515 1606 cys

534 1605 622 1650 anno
640 1584 777 1650 Domini
792 1586 963 1652 millesimo
979 1585 1165 1670 eccuxvjo,
1177 1585 1265 1670 apud
1281 1585 1381 1650 Stok·
1394 1605 1537 1648 forthcsoul

331 1684 407 1766 ton’‚
431 1687 590 1752 concessit
612 1687 764 1752 dominus
786 1687 832 1753 xl.
856 1688 926 1753 dics
948 1686 1164 1773 indulgentiae
1187 1709 1246 1774 pro
1269 1655 1529 1752 animalllffllld

331 1786 456 1851 domini
491 1785 633 1852 Galsridi
670 1789 858 1867 Avenaunt,
889 1789 1030 1868 militis;
1068 1791 1160 1875 cujus
1195 1810 1310 1874 corpus
1344 1789 1381 1852 in

331 1889 465 1954 ecclesia
493 1887 672 1975 parochiali
703 1891 743 1956 de
771 1891 953 1978 Esingtcn’,
977 1891 1192 1955 Eboracensis
1222 1889 1379 1970 dioecesis,

330 1991 507 2076 requiescit
528 1991 713 2074 humatum,
737 1996 771 2058 et
794 2013 853 2078 pro
875 1991 1048 2056 animabus
1063 1991 1211 2056 omnium
1235 1993 1380 2056 fidelium

332 2092 572 2174 defunctorum,
596 2101 657 2160 etc.

331 2282 597 2335 Monitiocontrarea
676 2243 848 2324 Ricardus,
870 2243 1081 2329 permissione
1108 2243 1232 2321 divina,
1256 2243 1381 2309 Dunol-
1393 2273 1534 2376 mito&

332 2357 413 2401 torem
432 2350 543 2401 ecclesia
567 2352 598 2402 de
631 2345 751 2410 mensis
766 2345 942 2431 episcopus,
958 2345 1079 2410 dilecto
1097 2344 1198 2423 filio„
1222 2396 1228 2410 .
1253 2344 1382 2410 officiali
1393 2377 1502 2420 mm

333 2417 493 2482 0vynghnm.
631 2445 911 2512 ..archidiaconi
942 2445 975 2510 N
978 2444 1201 2526 ortbumbriae,
1231 2425 1529 2528 salutemilbttlssh

331 2551 474 2635 gratiam
513 2555 548 2615 et
586 2547 853 2614 benedictionem.
914 2548 998 2642 Cum
1036 2549 1216 2615 secundum
1253 2523 1456 2614 statutam·

333 2650 502 2718 Generalis
533 2650 682 2728 Concilii,
707 2649 889 2715 rectoribus
912 2650 1128 2728 ecclesiarum,
1156 2649 1277 2736 quibus
1310 2649 1381 2714 ani-

333 2773 461 2817 marum
492 2773 570 2818 cura
599 2751 826 2832 committitur,
850 2752 972 2838 absque
998 2752 1207 2838 praelatorum
1239 2752 1382 2832 licentia,

332 2855 387 2918 val
419 2855 493 2919 aliis
529 2855 676 2920 honestis
707 2854 821 2933 causis,
843 2854 886 2918 ad
916 2854 988 2920 loca
1020 2859 1149 2921 remota
1181 2861 1276 2920 extra
1307 2876 1383 2920 suas

332 2956 483 3022 ecclesias
513 2978 581 3022 non
613 2957 711 3023 liccat
736 2978 771 3022 sc
795 2957 991 3036 transferre;
1024 2979 1072 3038 ac,
1095 2979 1138 3022 cx
1159 2958 1382 3023 insinuatione

331 3056 473 3122 clamosa
497 3057 766 3144 parochianorum
796 3057 937 3124 ecclesiae
959 3059 1000 3124 de
1023 3059 1233 3146 Ovyngham,
1255 3059 1382 3124 dudum

331 3157 553 3245 acceperimus
584 3160 673 3245 quod
703 3158 858 3224 dominus
889 3159 1074 3226 Willelmus
1097 3161 1235 3248 Comyn,
1259 3161 1316 3246 qui
1347 3183 1382 3226 sc

333 3259 416 3325 dicit
437 3265 597 3326 rectorem
620 3259 776 3346 ejusdem,
793 3261 864 3347 jam
895 3281 953 3347 per
982 3262 1089 3327 multa
1111 3265 1258 3350 tempora
1288 3268 1383 3329 extra

333 3383 406 3428 earn
427 3363 542 3450 vagari
570 3383 639 3427 non
660 3367 819 3440 metuens,
840 3363 920 3449 ipsis
949 3363 1086 3428 minime
1107 3364 1321 3442 ministravit,
1344 3371 1383 3430 ut

332 3465 469 3544 deceret,
492 3463 708 3531 ecclesiastica
729 3469 942 3544 sacramenta,
964 3464 1208 3551 propterquod
1230 3467 1382 3532 nonnulli

333 3566 404 3633 sine
418 3568 626 3654 perceptione
648 3570 924 3632 sacramentorum
948 3565 1138 3651 hujusmodi
1153 3567 1380 3633 decesserunt:

333 3691 394 3734 nos
425 3668 614 3753 hujusmodi
647 3667 886 3732 absurditatem
920 3667 1069 3732 nolentes
1099 3668 1201 3734 oculis
1232 3675 1383 3757 pertran-

334 3772 409 3852 sire,
431 3771 525 3835 vobis
547 3769 752 3848 mandamus,
775 3773 937 3855 quatenus
959 3769 1084 3835 dictum
1107 3771 1279 3836 dominum
1301 3772 1383 3838 Wil-

334 3871 469 3938 lelmum
491 3871 661 3952 moneatis,
683 3875 717 3936 et
747 3869 921 3937 efficaciter
950 3871 1124 3951 inducatis,
1146 3878 1185 3939 ut
1206 3874 1295 3939 infra
1316 3895 1383 3939 cer-

335 3978 409 4039 tum
440 3977 577 4058 tempus,
601 3972 688 4058 quod
715 3973 758 4038 ad
788 3973 850 4038 hoc
879 3972 943 4039 sibi
969 3974 1131 4038 duxeritis
1162 3975 1385 4052 limitandum,

336 4075 379 4140 ad
394 4074 517 4140 dictam
532 4074 697 4140 ecclesiam
720 4074 841 4152 redcat,
863 4073 925 4139 sub
940 4095 1040 4161 poena
1054 4076 1216 4154 canonica,
1232 4097 1384 4161 persona·

335 4176 401 4241 lem
423 4176 569 4242 factmus
590 4175 800 4240 residentiam
822 4175 859 4238 in
874 4175 1005 4254 eadem3
1028 4177 1175 4261 alioquin
1198 4177 1314 4257 eidem,
1329 4179 1383 4244 vel

336 4277 540 4363 procuratori
562 4298 630 4357 suc,
647 4276 675 4340 ai
697 4297 794 4360 quem
816 4276 853 4340 in
875 4276 1009 4341 ecclesia
1031 4278 1190 4362 praedicta
1212 4279 1383 4358 dimiserit,

336 4378 547 4456 denuncietis,
571 4399 629 4442 sen
662 4376 854 4442 denunciari
886 4377 1025 4458 faciatis,
1049 4379 1136 4462 quod
1169 4381 1197 4444 si
1229 4382 1383 4466 praesenti
1453 4409 1454 4416 ¹

336 4479 491 4544 mandato
513 4484 626 4544 nostro
641 4499 707 4543 non
722 4478 855 4543 duxerit
876 4479 1067 4565 parendum,
1082 4485 1197 4544 contra
1219 4503 1295 4546 eum
1309 4503 1382 4568 pro-

336 4582 495 4658 cedemus,
507 4585 678 4666 quatenus,
693 4579 870 4645 secundum
887 4579 967 4645 dicti
983 4585 1111 4646 statuta
1126 4581 1272 4661 Concilii,
1282 4583 1384 4650 fuerit

337 4682 583 4771 procedendum.
640 4683 685 4747 Et
701 4681 781 4766 quid
803 4681 839 4746 in
861 4681 1037 4768 praemissis
1058 4683 1209 4768 feceritis,
1233 4706 1302 4765 nos,
1325 4709 1383 4773 per
