3354 5702
432 591 630 646 nne1sreen
652 593 854 648 enormen
876 596 1118 654 normensis.
1209 591 1295 655 1283

90 777 317 844 summosano
348 779 491 846 servitio.
537 781 579 846 In
600 781 694 868 cujus
724 783 772 848 rei
798 784 1033 864 besiimonium,
1055 787 1198 874 sigillum
1223 808 1298 853 nos·
1330 803 1385 848 w.
1394 806 1452 848 1³1⁶·

251 887 340 948 irum
363 885 580 970 preeseniibus
601 887 755 952 duximus
777 890 1015 976 apponendum.
1062 891 1187 958 Datum
1208 893 1298 979 epud

252 984 461 1066 nicoenam,
476 983 581 1052 xxix⁰.
597 987 651 1052 die
673 987 825 1076 Augusbi,
840 1011 928 1057 snno
943 991 1078 1058 Domini
1100 991 1296 1062 M⁰.oec⁰.xv⁰.

240 1091 288 1153 ei
308 1087 560 1154 consecrationis
582 1093 703 1156 nostroe
726 1089 851 1174 quinio.

518 1292 718 1359 Monstravit
748 1295 850 1360 eciem
872 1294 1047 1382 praedictus
1079 1295 1182 1361 ebbes
1214 1317 1298 1383 prae·
1312 1305 1442 1400 {mm

473 1390 562 1458 dicto
576 1392 709 1458 domino
732 1394 889 1482 episeopo,
904 1417 964 1481 per
977 1395 1171 1482 petitionem
1193 1418 1296 1476 suem,
1311 1405 1352 1499 {gg
1358 1406 1470 1500 5¹3¹th

250 1491 485 1577 conquerendo,
522 1494 610 1580 quod
632 1513 707 1560 cum
750 1494 830 1580 ipse,
875 1494 1027 1560 dominus
1071 1497 1209 1562 manerii
1254 1497 1295 1562 de
1310 1468 1470 1598 fflffltgt
1516 1495 1520 1504 '

252 1591 439 1680 ohepwell’,
462 1600 498 1660 et
518 1595 766 1680 praedecessores
788 1596 848 1678 spi,
882 1595 1077 1682 praedictum
1111 1597 1294 1664 manerium
1310 1567 1470 1699 {effigies

251 1695 288 1758 in
318 1694 463 1760 dominio
494 1701 529 1760 ei
559 1695 702 1777 servitio,
726 1719 747 1761 o
769 1703 915 1784 tempore
937 1697 1099 1783 Hugonis‚
1130 1700 1296 1784 quondam
1311 1667 1458 1796 {worm

252 1795 393 1882 episcopi
415 1795 655 1875 Dunolmensis,
678 1797 921 1884 preedeeessoris
935 1797 1076 1885 episcopi
1107 1819 1204 1886 nuno,
1228 1801 1298 1885 (qui
1312 1802 1424 1896 wne

253 1896 377 1961 dictum
401 1897 583 1962 manerium
605 1896 698 1962 dedis
719 1897 850 1964 cuidem
873 1898 1025 1976 Roberio,
1054 1900 1218 1986 qnondam
1241 1901 1299 1965 ab·

252 1996 325 2062 bebi
359 1995 449 2061 Novi
480 1996 681 2078 nonasterii,
713 1999 940 2085 predecessori
962 1999 1059 2064 iscius
1089 1999 1229 2078 abbatis,
1260 1999 1296 2064 in

254 2097 414 2164 oseembio
429 2118 488 2184 pro
509 2098 655 2164 monerio
669 2099 710 2164 de
726 2099 975 2186 Wolsinghem),
997 2100 1098 2166 libere
1121 2106 1156 2166 ob
1178 2101 1298 2186 quiete,

253 2199 290 2264 in
312 2199 457 2265 dominio
480 2203 514 2264 ei
536 2198 699 2266 dominico
728 2204 916 2278 tenuerent,
938 2199 1098 2267 Rieerdus
1121 2200 1162 2267 de
1184 2201 1298 2266 Retio-

253 2300 335 2380 ford,
357 2305 392 2366 eb
413 2299 470 2366 alii
491 2299 655 2365 forestorii
691 2299 795 2387 ipsius
817 2300 969 2387 episcopi,
991 2301 1177 2367 otnehisnr
1199 2301 1297 2368 fores·

254 2401 365 2480 tcrios,
385 2405 455 2467 tem
469 2399 586 2466 finires
607 2422 779 2468 conversos
808 2423 904 2488 quem
932 2401 1014 2468 elios
1036 2401 1143 2480 laicos,
1165 2403 1297 2468 boscum

254 2503 357 2588 ipsius
378 2502 508 2569 abbatis
539 2503 766 2580 custodientes,
788 2523 883 2569 arcus
905 2508 940 2568 et
970 2504 1107 2590 sagittas
1138 2504 1182 2569 ed
1215 2525 1298 2590 pree-

253 2604 376 2671 die'oem
398 2603 580 2670 custodiam
602 2602 785 2670 faciendam
807 2609 984 2691 pertentes,
1000 2609 1034 2670 eb
1055 2605 1136 2670 elios
1150 2602 1299 2670 homines

253 2705 357 2798 ipsius
387 2705 526 2782 obbatis,
562 2705 781 2784 venationem,
819 2705 874 2770 vel
910 2723 988 2771 eves
1025 2705 1170 2771 nutrices
1207 2704 1296 2770 infre

162 2833 172 2851 ·
253 2806 426 2892 praedictos
448 2806 560 2871 boscos
573 2804 747 2892 capientes,
763 2805 806 2871 ed
828 2805 1090 2890 respondendum
1111 2807 1155 2872 ed
1176 2805 1312 2892 placite

253 2909 496 2974 forestariorum
525 2905 628 2992 ipsius
642 2905 805 2993 episcopi;
829 2906 918 2972 unde
948 2907 1109 2994 supplicet
1138 2907 1297 2992 preedicbo

254 3009 386 3074 domino
414 3008 565 3094 episcopo
586 3006 650 3071 sibi
679 3005 750 3070 fieri
773 3007 962 3088 remedium,
987 3011 1021 3071 eb
1042 3006 1170 3093 profert
1192 3027 1294 3091 quen·

254 3109 330 3174 dom
362 3113 486 3175 certem
519 3105 648 3194 praefeti
670 3107 824 3192 Hugonis
844 3107 994 3194 episcopi,
1031 3127 1106 3192 quoe
1137 3111 1290 3186 testetur,
1353 3149 1359 3163 .
1431 3153 1437 3164 .

254 3209 343 3295 quod
372 3208 548 3294 predicens
580 3206 680 3293 Hugo
713 3206 806 3272 decio
843 3210 878 3272 ei
910 3207 1066 3290 concessit
1103 3207 1297 3292 praedicium

256 3309 436 3376 manerium
473 3309 515 3373 de
552 3305 729 3394 Ohepwell’
767 3306 905 3392 praefsbo
942 3306 1095 3383 Roberbo,
1132 3307 1298 3392 quondam

254 3411 367 3478 ebbeti
389 3417 457 3489 etc,
489 3409 666 3476 tenendum
691 3407 756 3472 sibi
778 3413 812 3472 ei
842 3406 1077 3473 successoribus
1099 3408 1176 3486 suis,
1197 3408 1299 3473 libere

256 3519 291 3580 eb
313 3513 432 3599 quiete,
454 3511 496 3577 eb
518 3509 670 3575 omnibus
699 3507 842 3574 servitiis
864 3512 899 3572 et
920 3507 1098 3586 demendis,
1120 3508 1156 3572 in
1177 3530 1298 3574 esoem·

255 3615 347 3681 bium
391 3634 451 3700 pro
495 3611 654 3698 praedicio
698 3611 843 3676 menerio
880 3609 921 3674 de
958 3599 1191 3696 Wolsinghem.
1252 3610 1298 3674 Ei

255 3715 432 3803 praedicius
465 3713 643 3798 episcopus,
665 3731 763 3797 super
785 3709 959 3796 praemissis
981 3709 1095 3776 volens
1121 3709 1299 3787 certiorari,

222 3893 224 3896 ¹
256 3816 412 3905 praecepit
448 3813 614 3879 Willelmo
651 3812 692 3877 de
728 3811 868 3890 Donum,
907 3811 995 3895 quod
1039 3810 1087 3875 rei
1123 3810 1299 3876 veritatem

256 3939 354 4005 super
367 3914 543 4004 praemissis
557 3933 616 3999 per
630 3913 747 3998 probos
761 3917 796 3977 ei
817 3911 936 3997 legales
950 3911 1098 3977 homines
1113 3911 1154 3976 de
1169 3911 1297 3976 visneto

255 4021 297 4085 de
345 4013 521 4104 Chepwell’
566 4013 742 4100 diligenter
786 4010 987 4097 inquirerei3
1025 4016 1059 4076 ei
1103 4011 1183 4098 quid
1220 4012 1299 4077 inde

256 4120 421 4186 inveniret
453 4117 515 4183 sub
547 4115 654 4202 sigillo
676 4135 735 4180 suo
768 4111 922 4179 distinete
951 4119 985 4178 eb
1018 4118 1130 4198 aperie
1151 4119 1299 4180 constare

255 4223 384 4290 feceret.
429 4219 475 4285 Ei
511 4218 687 4304 predictus
715 4213 906 4292 willelmus,
929 4214 983 4279 die
1014 4214 1118 4280 Lunae
1149 4217 1298 4302 proximo

255 4329 332 4390 ente
354 4322 474 4388 fesium
504 4318 619 4386 Sancti
642 4316 815 4384 cuthberti
845 4315 882 4380 in
909 4313 1036 4396 Martio,
1058 4336 1145 4380 enno
1166 4317 1304 4401 poniifi·.

255 4428 347 4491 ceius
369 4419 519 4508 praedicti
541 4417 668 4485 domini
700 4415 843 4502 episcopi
874 4414 983 4493 tertio,
999 4415 1086 4501 opud
1109 4414 1294 4502 Ohepwell’,

1061 4519 1163 4592 002
