3566 5712
482 823 684 874 are1srsuu
707 823 908 876 ransrnruu
932 784 1173 878 numanae.
1287 814 1351 880 993

127 1009 341 1104 anaemaris
364 1009 518 1076 Norwieo
540 1012 629 1097 apud
653 1011 987 1096 westmonasterium,
1002 1013 1087 1100 xiij0.
1103 1014 1156 1080 die
1172 1014 1352 1095 Februarii,
1379 1031 1500 1078 annua

302 1133 389 1176 anno
412 1113 506 1198 regni
527 1110 633 1178 nostri
655 1113 804 1199 septimo.

300 1342 524 1395 Retomumirfius
603 1311 785 1378 Wiilelmus
816 1313 857 1378 de
889 1314 1092 1402 Parlington,
1116 1317 1259 1395 clericus,
1281 1338 1348 1383 non
1361 1337 1485 1382 naemu

299 1409 391 1460 brevis
555 1414 655 1480 habet
679 1413 872 1480 beneficium
890 1416 1142 1484 ecclesiasticum
1165 1419 1201 1482 in
1217 1419 1348 1484 diaecesi
1360 1387 1495 1489 {ididae

300 1519 421 1596 nostra,
443 1536 503 1600 per
533 1515 621 1600 quod
644 1521 753 1602 potest
775 1515 939 1603 distringi,
961 1519 1018 1583 sed
1040 1519 1175 1586 ecclesia
1196 1519 1237 1584 de
1270 1519 1347 1584 Kir-

299 1613 387 1692 kom,
410 1616 502 1700 eujus
524 1619 630 1683 rector
652 1637 721 1682 esse
744 1616 874 1696 dieitur,
897 1620 1004 1686 estin
1027 1620 1159 1687 dioeeesi
1184 1620 1345 1688 Oandidae

299 1713 401 1782 Casae.

298 1899 564 1977 mr
598 1859 1496 2048 afflfflfldgttrqtghffl

299 2033 547 2098 trumdauamys.
599 2061 778 2128 venerabili
815 2062 851 2125 in
890 2061 1022 2128 christo
1061 2063 1158 2148 patri,
1194 2063 1343 2143 Ricardo,
1356 2037 1505 2132 brietii·

297 2165 409 2230 eadem
441 2164 557 2250 gratie,
580 2162 795 2228 Dunelmensi
827 2161 985 2247 episcope,
1013 2162 1161 2228 salutem.
1207 2139 1501 2240 Mende-fflidi.

296 2286 370 2329 mus
401 2265 503 2343 vobis,
537 2264 622 2329 sieut
653 2263 743 2340 alias,
775 2261 862 2346 quod
895 2261 1103 2348 distringatis
1135 2263 1270 2329 Petrum
1303 2266 1345 2331 de

299 2365 457 2450 Man-aye,
481 2386 584 2429 unum
607 2363 813 2429 collectorum
836 2367 996 2429 austumae
1029 2363 1187 2442 lanarum,
1209 2365 1345 2451 pellium

295 2466 486 2532 lanutarum
519 2471 554 2530 et
585 2464 753 2540 aeriorum,
776 2463 813 2527 in
843 2469 942 2549 portu
979 2463 1020 2530 de
1052 2465 1255 2552 Hertrepole,
1288 2490 1346 2554 per

296 2589 409 2638 omnes
439 2571 543 2631 terras
566 2569 600 2630 et
623 2564 741 2630 catalla
773 2585 841 2642 sua,
864 2565 960 2630 infra·
982 2565 1168 2632 libertatem
1191 2573 1346 2646 vestram,

294 2669 344 2734 ita
366 2668 462 2754 quod,
478 2689 538 2733 nee
560 2666 638 2753 ipse,
653 2687 714 2732 nea
737 2665 857 2750 aliquis
871 2687 929 2751 per
951 2665 1069 2752 ipsum,
1085 2667 1126 2732 ad
1149 2689 1188 2732 ea
1210 2690 1345 2735 manum

294 2773 449 2858 apponat,
484 2769 586 2834 donee
619 2767 711 2833 aliud
747 2766 825 2831 inda
856 2765 950 2830 vobis
984 2768 1270 2849 mandaverimus;
1311 2777 1345 2835 et

295 2871 383 2956 quod
405 2870 447 2935 de
472 2870 618 2936 exitibus
642 2868 818 2934 earundem
842 2872 1004 2933 terrarum
1027 2869 1122 2934 nobis
1151 2871 1344 2957 respondea-

295 2973 362 3052 tis;
385 2979 419 3038 et
441 2972 530 3057 quod
551 2970 701 3036 habeatis
724 2991 841 3056 eorpus
868 2970 947 3054 edus,
972 2991 1078 3037 eoram
1101 2971 1279 3038 baronibus
1302 2974 1344 3038 de

296 3073 464 3141 Seaeeario
497 3078 611 3138 nostro
642 3071 731 3158 apud
763 3070 1100 3149 westmonasterium,
1132 3073 1169 3137 in
1202 3074 1344 3139 erastino

295 3175 407 3241 Clausi
430 3175 572 3251 Pasehae,
594 3195 668 3240 eum
691 3172 817 3251 rotulis,
832 3171 943 3253 talliis,
958 3172 1113 3237 brevibus
1135 3180 1170 3238 et
1191 3175 1344 3240 omnibus

295 3276 376 3358 aliis,
392 3281 579 3363 compotum
602 3296 698 3340 suum
720 3273 941 3359 tangentibus,
959 3272 1002 3337 ad
1024 3273 1226 3338 reddendum
1248 3276 1343 3341 nobis

294 3383 480 3464 compotum
516 3376 663 3440 nondum
701 3374 877 3453 redditum,
915 3373 957 3437 de
994 3379 1139 3458 tempore
1176 3394 1241 3460 quo
1278 3375 1344 3440 suit

294 3503 381 3545 unus
395 3479 603 3546 collectorum
627 3481 786 3542 custumes
808 3475 983 3561 praedictae,
1008 3479 1041 3538 et
1056 3479 1243 3560 compotum
1265 3475 1342 3540 inde

294 3581 441 3646 nondum
472 3578 624 3644 reddidit
688 3577 733 3642 Et
765 3575 916 3641 habeatis
948 3572 995 3637 ibi
1028 3579 1109 3638 tunc
1143 3574 1204 3640 hoe
1235 3577 1341 3642 breve.

294 3683 398 3759 Teste,
422 3681 473 3747 W.
497 3681 538 3744 de
562 3679 723 3759 Norwieo,
746 3677 834 3764 apud
857 3674 1194 3752 westmonasterium,
1217 3689 1264 3742 x0.
1286 3677 1340 3742 die

294 3783 474 3862 Februarii,
496 3802 583 3847 anno
605 3780 699 3865 regni
721 3778 826 3843 nostri
848 3775 995 3862 septimo.

338 3884 588 3968 Manueaptores
602 3880 859 3966 ejusden—per
874 3878 1038 3964 Rogerum
1056 3876 1181 3962 Lewyn
1197 3879 1238 3943 de
1255 3879 1339 3943 Her-

290 3985 425 4074 trepole’

558 4053 734 4158 Hu'gonem
756 4069 878 4136 Lambe
901 4069 941 4132 de
964 4065 1086 4146 eadem,

558 4172 739 4239 Henrieum
762 4170 803 4235 de
826 4167 1014 4253 Aslaekeby
1037 4173 1071 4233 et

557 4273 759 4340 Willelmum
782 4271 823 4336 de
846 4268 974 4334 Hilton'

534 4454 652 4520 Petrus
682 4452 723 4517 de
747 4451 905 4534 Marrays,
928 4467 1015 4512 unus
1037 4447 1243 4530 mlleewrum
1265 4467 1336 4517 eus-
1382 4461 1451 4508 erar.

288 4525 434 4576 mmm
489 4561 591 4622 tumea
625 4555 784 4630 lanarum,
806 4549 978 4616 districtus
1010 4552 1060 4614 est
1092 4571 1150 4634 per
1180 4549 1268 4616 bona
1301 4555 1336 4616 et
1347 4521 1471 4619 &iidie-¹⁰

288 4659 407 4726 aetalia
437 4658 480 4723 ad
512 4657 692 4726 valentiam
724 4675 809 4734 x.a.;
828 4651 929 4739 ,quod
951 4649 997 4716 sit
1027 4669 1134 4718 eoram
1168 4652 1270 4732 vobis,
1292 4625 1415 4720 ad⁸⁰¹²¹⁸
1423 4625 1482 4674 '¹¹¹‘

376 4775 451 4826 von.
474 4775 510 4823 11.
1178 4769 1204 4818 χ
