3452 5702
485 796 685 846 REGISTRUM
708 795 910 844 PALATINUM
933 794 1174 844 DUNELMENSE.
1293 781 1355 848 701

133 979 552 1058 minimecclesiasticos,
568 987 602 1046 et
625 981 715 1061 alios,
732 1003 789 1068 per
811 1002 892 1066 quos
915 981 963 1046 rei
984 980 1108 1046 veritas
1129 980 1204 1044 sciri
1234 979 1357 1066 poterit
1389 980 1511 1024 *ll-¹³¹⁵·

311 1083 504 1162 evidentius,
527 1084 652 1148 vocatis
677 1105 788 1148 eoram
814 1083 909 1147 vobis
933 1083 1115 1159 evocandis,
1139 1083 1192 1146 die
1223 1087 1258 1146 et
1282 1080 1353 1146 loco

312 1207 394 1270 quos
417 1186 458 1250 ad
491 1185 553 1250 hoc
583 1185 748 1250 duxeritis
771 1184 976 1260 statuendos,
998 1206 1073 1250 cum
1095 1183 1271 1269 diligentia
1294 1203 1358 1268 qua

311 1288 475 1366 convenit,
488 1309 585 1373 super
600 1287 752 1352 omnibus
768 1291 802 1352 et
817 1285 956 1372 singulis
971 1285 1161 1370 hujusmodi
1177 1284 1360 1350 defectibus

311 1387 509 1473 inquiratis3
532 1388 696 1466 videlicet,
720 1388 778 1474 qui
801 1387 948 1454 defectus
970 1388 1191 1453 imminebant
1212 1393 1360 1474 tempore

311 1510 375 1574 quo
391 1491 544 1556 dominus
559 1489 725 1556 Robertus
748 1489 887 1574 Heyron
903 1490 1025 1555 dictam
1041 1489 1208 1555 ecclesiam
1225 1489 1359 1574 recepit,

312 1597 346 1657 et
376 1597 490 1656 utrum
523 1592 659 1677 aliquid,
691 1596 766 1678 post
788 1591 911 1656 dietam
943 1591 1173 1656 admissionem
1215 1590 1361 1676 ejusdem

313 1693 461 1770 ecelesiae,
484 1694 524 1758 de
555 1693 652 1758 bonis
683 1692 931 1779 praedecessoris
956 1693 1007 1758 sui
1031 1693 1199 1778 receperit,
1222 1714 1282 1778 pro
1306 1692 1361 1756 de-

312 1795 451 1860 fectibus
472 1795 662 1881 hujusmodi
685 1795 885 1880 reparandis,
909 1801 944 1859 et
965 1801 1137 1881 quantum,
1153 1815 1279 1860 necnon
1303 1793 1360 1878 qui

313 1897 467 1976 defectus,
484 1903 630 1984 tempore
645 1897 762 1962 mortis
784 1919 862 1974 suae,
878 1897 915 1960 in
938 1897 1187 1982 quibuscunque
1203 1895 1361 1960 rebusad

313 1999 416 2084 ipsam
440 2000 608 2066 ecclesiam
632 1998 860 2084 spectantibus
883 1998 1112 2076 imminebant,
1128 2003 1219 2063 etex
1235 2001 1362 2082 quanto

313 2100 460 2166 defectus
493 2100 544 2164 illi
566 2104 726 2185 poterunt
758 2100 911 2186 reparari.
958 2100 1002 2163 Et
1025 2099 1107 2184 quid
1129 2099 1165 2162 in
1188 2099 1363 2185 praemissis

313 2203 467 2282 feceritis,
483 2201 588 2278 nobis,
604 2222 704 2286 quam
720 2201 820 2266 citius
843 2199 1012 2265 commode
1036 2201 1194 2286 poteritis
1218 2205 1364 2265 constare

315 2303 445 2368 faciatis
467 2325 527 2390 per
547 2309 675 2368 vestras
697 2303 812 2367 literas
833 2307 995 2388 patentes,
1011 2301 1127 2366 harum
1150 2303 1266 2368 seriem
1289 2323 1365 2367 con-

317 2405 473 2469 tinentes.
519 2404 645 2469 Datum
667 2403 755 2489 apud
772 2402 936 2482 Stekton',
953 2402 1070 2490 xxvij0.
1086 2404 1140 2468 die
1156 2404 1364 2482 Novembris,

317 2527 406 2572 anno
428 2506 562 2570 Domini
585 2506 757 2570 millesimo
788 2506 1017 2582 trecentesimo
1051 2506 1304 2591 quartodecimo,
1329 2515 1365 2570 et

316 2607 570 2674 consecrationis
593 2613 716 2674 nostrae
740 2607 1024 2694 quarto—Hujus
1046 2607 1150 2693 igitur
1165 2609 1362 2674 auctoritate

315 2710 473 2786 mandati,
498 2710 624 2776 vocatis
646 2710 737 2795 prius
764 2709 947 2788 evocandis,
979 2709 1172 2796 diligentem
1202 2711 1272 2774 fieri
1304 2709 1365 2774 feci

316 2811 573 2896 inquisitionem,
605 2817 674 2876 tam
707 2833 765 2898 per
796 2812 886 2876 viros
918 2811 1151 2878 ecclesiasticos
1184 2832 1283 2896 quam
1306 2833 1364 2898 per

317 2913 397 2977 alios
420 2913 545 2992 laicos;
568 2911 626 2999 qui
649 2913 774 2992 dicunt,
794 2912 908 2997 jurati,
934 2912 1022 2997 quod
1037 2913 1077 2978 de
1100 2903 1283 2979 defectibus
1306 2915 1362 2998 qui

317 3014 534 3079 imminebant
556 3025 703 3099 tempore
726 3036 791 3098 quo
814 3015 965 3079 dominus
981 3013 1146 3079 Robertus
1171 3015 1212 3079 de
1228 3014 1365 3100 Heyron

317 3116 438 3181 dictam
474 3116 642 3181 ecclesiam
679 3116 812 3201 recepit,
849 3121 884 3180 et
907 3121 1021 3180 utrum
1053 3117 1190 3201 aliquid,
1212 3123 1286 3202 post
1309 3117 1365 3182 ad-

317 3217 505 3282 missionem
539 3216 686 3301 ejusdem
720 3217 872 3294 ecelesiae,
907 3218 948 3282 de
985 3218 1081 3282 bonis
1119 3218 1366 3303 praedecessoris

318 3320 368 3384 sui
417 3318 587 3404 receperit,
619 3339 680 3404 pro
719 3317 902 3384 defectibus
941 3318 1132 3404 hujusmodi
1164 3321 1364 3407 reparandis,

318 3421 449 3507 penitus
464 3422 640 3506 ignorant3
662 3425 783 3506 praeter
804 3421 850 3505 vj.
873 3420 975 3486 libras
998 3443 1081 3505 quas
1096 3422 1185 3486 idem
1202 3421 1367 3486 Robertus

319 3524 468 3588 debonis
491 3523 736 3610 praedecessoris
759 3523 819 3600 sui,
834 3544 895 3608 pro
918 3523 1041 3588 cellura
1063 3523 1153 3588 chori
1176 3525 1369 3610 reparanda,

318 3626 448 3712 recapit.
488 3625 615 3690 Dicunt
630 3625 728 3704 enim,
744 3625 834 3708 quod
857 3631 1006 3709 tempore
1029 3627 1144 3690 mortis
1168 3649 1235 3694 suae
1259 3634 1365 3693 totum

319 3728 502 3792 manerium
525 3727 668 3792 ecelesiae
691 3727 731 3790 de
764 3726 861 3792 Ford’
885 3733 956 3792 erat
986 3728 1206 3809 combustum,
1237 3753 1295 3817 per
1318 3732 1368 3796 in·
1411 3763 1418 3778 ·

321 3849 465 3913 gressum
496 3829 669 3895 Scotorum
698 3829 787 3914 quod
809 3830 955 3915 reparari
989 3853 1056 3896 non
1087 3839 1198 3918 potest
1231 3855 1291 3918 pro
1322 3855 1367 3898 cc.

322 3931 441 4010 libras3
461 3937 581 4018 praeter
604 3938 671 3998 tres
694 3931 852 3996 solemnes
875 3953 1028 4012 cameras,
1045 3955 1128 4018 quas
1150 3934 1239 3998 idem
1263 3941 1369 3998 rector

323 4032 400 4096 dum
424 4033 520 4111 vixit,
544 4055 695 4119 reparare
718 4033 904 4110 tenebatur,
920 4055 963 4099 ex
985 4035 1135 4118 injuncto
1159 4035 1368 4100 visitantium

324 4133 454 4211 ibidem,
468 4156 525 4220 per
535 4135 706 4200 dominum
716 4135 974 4200 Dunolmensem
990 4136 1188 4222 episcopum,
1200 4136 1235 4202 in
1252 4137 1369 4202 ultima

322 4235 513 4300 visitatione
545 4236 671 4301 ibidem
705 4236 803 4317 facta,
826 4258 902 4321 quae
924 4255 1062 4302 camerae
1086 4236 1278 4302 reaedificari
1299 4261 1367 4309 non

321 4343 480 4424 poterunt
502 4359 562 4422 pro
585 4359 664 4402 xxx.
690 4337 728 4402 li.
776 4336 873 4414 item,
908 4338 1026 4402 dieunt
1055 4338 1143 4422 quod
1179 4339 1244 4403 duo
1267 4341 1369 4425 porti-

321 4438 404 4504 foria
426 4439 574 4524 ejusdem
597 4439 749 4518 ecelesiae,
774 4439 874 4526 pretii
896 4438 1028 4524 lxxviij.
1046 4439 1224 4505 solidorum
1247 4449 1282 4506 et
1296 4441 1368 4528 viij.

322 4542 538 4619 denariorum,
561 4548 641 4605 sunt
664 4546 836 4627 asportata
868 4562 927 4626 per
953 4541 1134 4606 Robertum
1160 4544 1200 4608 de
1222 4544 1369 4630 Heyron.

324 4643 419 4722 Item,
443 4643 560 4709 dicunt
582 4643 670 4728 quod
705 4641 853 4708 defectus
875 4643 1151 4709 vestimentorum
1183 4647 1372 4712 extendunt
