3570 5718
333 825 336 833 ,
396 782 460 848 926
572 793 772 844 suumrauu
794 791 997 842 ruarmuu
1019 789 1263 842 uuummsusu.

243 995 369 1044 nonna
441 975 579 1044 Summa
601 976 812 1042 decanorum
833 976 1019 1042 levaturum
1034 997 1093 1061 per
1107 973 1199 1040 istud
1213 972 1323 1051 breve,
1338 971 1442 1038 lxxix
1456 985 1619 1040 mussas

394 1077 499 1147 axv.
516 1079 625 1164 aviij.
642 1079 673 1146 d.
727 1079 778 1146 De
812 1078 933 1164 quibus
965 1077 1125 1144 habemus
1164 1077 1263 1142 breve
1300 1075 1343 1142 ad
1379 1075 1443 1141 sol-

393 1183 538 1248 vendum
561 1181 704 1248 Ricardo
727 1181 768 1248 da
790 1180 986 1260 Briutwell’,
1002 1178 1169 1258 scutifero,
1184 1177 1290 1263 lxxiij.
1306 1177 1343 1244 li.
1358 1177 1404 1264 iij.
1419 1199 1441 1242 a

393 1284 437 1370 vj.
453 1285 494 1363 d,
532 1285 568 1350 in
600 1284 720 1371 quibus
753 1283 907 1349 dominus
938 1287 1050 1350 noster
1083 1303 1144 1347 rex
1176 1281 1208 1346 ei
1229 1285 1362 1346 tenetur
1383 1301 1443 1366 pro

393 1386 566 1474 arreragiis
598 1386 785 1464 vadiorum,
808 1385 849 1450 de
881 1391 1029 1473 tempore
1062 1405 1128 1470 quo
1150 1383 1246 1449 stetit
1268 1383 1304 1448 in
1325 1402 1444 1469 guerra

392 1509 453 1555 sua
482 1487 534 1552 in·
554 1487 674 1554 Scotia
734 1489 780 1552 Et
810 1487 860 1552 sic
892 1491 1021 1554 restant
1048 1485 1093 1570 vj.
1110 1484 1145 1552 li.
1177 1484 1274 1572 niis.
1304 1487 1339 1550 et
1361 1484 1395 1570 ij.
1410 1483 1442 1549 d.

393 1611 474 1676 quos
511 1590 608 1658 vobis
642 1588 810 1658 mittimus
848 1613 905 1677 per
946 1589 1141 1677 magistrum
1177 1587 1365 1654 Johuunem
1402 1586 1443 1651 de

393 1692 585 1778 Sueyutou’.

226 1915 357 1970 mouns·
394 1909 477 1960 Breve
491 1907 665 1988 coniurans
744 1897 928 1964 Edwardus
950 1902 1020 1973 etc,
1045 1895 1224 1962 venerabili
1250 1895 1288 1962 in
1310 1894 1441 1961 Christo
1539 1935 1542 1942 ·

226 1968 367 2069 diiffl'
394 1976 665 2108 ffiffl'dedffl
698 1999 796 2086 patri,
835 2002 895 2066 etc.
952 1997 1039 2080 Quia
1076 1997 1261 2063 Willelmus
1290 1997 1332 2064 de
1361 1995 1442 2083 Bly-

225 2069 368 2211 Bulsinius
395 2108 495 2174 burgh'.
694 2101 820 2188 burgh’,
842 2100 985 2178 clericus,
1009 2099 1068 2186 qui
1091 2100 1178 2165 diem
1207 2120 1304 2165 suum
1326 2099 1443 2166 clausit

246 2167 351 2222 usias.
396 2206 591 2280 extremum,
606 2201 785 2270 tenebatur
806 2203 912 2281 nobis,
936 2203 980 2268 ad
1005 2201 1210 2269 Scaccarium
1224 2207 1383 2278 nostmm,
1405 2201 1441 2264 in

395 2304 534 2370 diversis
568 2305 698 2387 debitis,
722 2306 775 2371 die
809 2326 875 2392 quo
910 2304 1002 2384 obiit,
1026 2310 1098 2369 tam
1131 2304 1173 2369 de
1198 2303 1355 2392 tempore]
1377 2323 1442 2388 quo

394 2406 462 2470 fuit
484 2411 593 2472 custos
620 2405 809 2494 garderobae
832 2411 963 2484 nostrae,
984 2411 1161 2493 antequam
1184 2405 1442 2494 gubernaculum

394 2507 488 2594 regni
510 2509 615 2575 nostri
646 2509 859 2596 suscepimus,
883 2529 982 2595 quam
1016 2509 1174 2590 aliunde3
1197 2513 1232 2574 et
1254 2513 1442 2575 executores

393 2611 585 2676 testamenti
608 2611 754 2696 ejusdam
769 2612 918 2678 defuncti
940 2611 1141 2678 invenerunt
1162 2611 1265 2689 nobis,
1288 2611 1332 2678 ad
1353 2611 1441 2677 idem

395 2711 600 2778 Senecarium
622 2720 782 2792 nostrum,
797 2713 1014 2780 sufficientem
1037 2713 1257 2792 securitatem,
1278 2715 1322 2779 ed
1344 2713 1440 2779 satis·

395 2813 581 2878 faciendum
637 2817 733 2881 nobis
782 2816 823 2882 de
876 2817 1029 2882 omnibus
1082 2815 1213 2894 debitis,
1251 2837 1325 2902 quae
1375 2815 1443 2882 dic-

394 2920 448 2980 tus
487 2915 662 2982 defunctus
698 2917 794 2982 nobis
839 2918 957 2985 debuit
999 2917 1052 2983 dic
1090 2917 1256 3005 praedicto,
1300 2923 1335 2983 et
1366 2939 1440 3004 quae

393 3015 503 3102 ipsum
540 3018 733 3084 defunctum
768 3019 863 3085 uobis
903 3019 1021 3086 debere
1059 3019 1195 3106 reperiri
1227 3021 1440 3106 contingeret,

395 3125 558 3204 quatenus
604 3122 691 3188 bona
735 3126 770 3188 et
815 3122 945 3200 catalla,
991 3143 1065 3207 quae
1109 3122 1245 3188 fuerunt
1298 3123 1441 3208 ejusdem

395 3221 551 3300 defuncti,
573 3222 687 3290 eodem
709 3223 763 3290 die
797 3224 981 3306 sufficiant;
1010 3223 1105 3289 vobis
1127 3224 1330 3305 mandamus,
1355 3223 1442 3310 quod

394 3323 506 3388 omnia
527 3326 615 3390 bona
636 3325 862 3416 ecelesiastica,
886 3348 959 3412 quae
981 3326 1069 3392 idem
1085 3325 1259 3392 defunctus
1273 3325 1393 3391 habuit
1408 3327 1443 3389 in

394 3424 528 3493 dioecesi
558 3433 677 3509 vestra,
700 3427 754 3494 die
776 3449 841 3514 quo
864 3428 949 3494 obiit
971 3429 1167 3514 supradicto,
1189 3428 1260 3494 sine
1283 3427 1443 3493 diletione

397 3529 594 3613 sequestrari
631 3530 769 3610 faciatis,
803 3535 837 3597 et
868 3552 907 3597 ea
938 3531 1049 3596 omnia
1081 3531 1224 3597 fideliter
1255 3531 1442 3618 appretiata

394 3630 562 3715 praedietis
596 3633 831 3712 executoribus,
856 3633 909 3698 vel
941 3655 1053 3698 eorum
1086 3632 1122 3698 in
1152 3634 1214 3699 hac
1237 3638 1331 3720 parte
1354 3637 1442 3698 certo

393 3734 570 3810 attornat0,
593 3732 747 3813 liberetis,
770 3735 813 3800 ad
846 3735 1007 3822 praedicta
1028 3735 1146 3800 debita
1162 3736 1258 3801 nobis
1280 3736 1358 3801 inde
1381 3735 1444 3801 sol·

394 3833 510 3916 venda,
535 3835 634 3898 etad
656 3837 881 3902 executionem
904 3839 1095 3904 testamenti
1118 3838 1268 3924 praedioti
1296 3837 1442 3904 defuncti

395 3935 436 4000 de
459 3935 588 4002 residuo
610 3937 800 4008 faciendam.
846 3940 892 4004 Et
922 3945 1072 4006 constare
1103 3941 1232 4006 faciatis
1265 3940 1442 4006 baronibus

367 4077 370 4086 ·
396 4037 437 4102 de
469 4037 557 4103 dicto
592 4037 760 4106 Scaceario
791 4047 912 4120 nostro,
935 4042 1023 4128 apud
1046 4040 1384 4122 westmonasterium,
1406 4044 1442 4107 in

397 4140 541 4204 crastino
566 4139 678 4206 Clausi
701 4141 844 4222 Paschae,
869 4149 943 4230 quae
966 4143 1054 4210 bona
1076 4145 1292 4210 ecclesiastiea
1313 4167 1442 4231 seques-

274 4295 279 4306 .
396 4241 480 4306 trari
501 4241 645 4308 feceritis
667 4245 834 4310 occasione
866 4246 1031 4332 praedicta,
1055 4251 1090 4311 et
1118 4247 1267 4333 praefatis
1289 4253 1442 4314 executo-

395 4343 495 4421 ribus,
510 4345 564 4410 vel
586 4367 707 4425 eorum,
730 4353 770 4412 ut
790 4348 1015 4433 praemittitur,
1031 4352 1208 4429 attornato,
1223 4349 1442 4416 liberaveritis

396 4451 430 4510 et
455 4446 523 4523 ubi,
546 4451 581 4511 et
604 4452 765 4532 quantum
788 4450 930 4528 valeant,
964 4450 1142 4516 seeundum
1164 4451 1216 4517 sui
1238 4474 1355 4518 verum
1384 4475 1442 4519 va·

396 4545 508 4625 lorem,
542 4549 750 4616 remittentes
787 4551 835 4616 ibi
873 4557 953 4618 tuuc
983 4553 1046 4621 hoe
1080 4555 1187 4623 breve.
1233 4555 1338 4635 Teste,
1353 4555 1384 4622 J.
1400 4554 1442 4620 de

396 4647 547 4729 Sandale,
571 4656 705 4718 tenente
727 4653 834 4719 locum
864 4655 1062 4722 thesaurarii
1085 4657 1199 4740 nostri,
1222 4659 1312 4744 apud
1335 4658 1441 4724 West·

393 4752 638 4854 monasterium,
661 4753 792 4840 xxviij0.
816 4755 869 4822 die
896 4755 1078 4838 Februarii,
1101 4782 1188 4827 anno
1210 4761 1304 4846 regni
1336 4761 1441 4827 nostri
