3562 5710
488 821 689 874 anarsrauu
712 822 914 874 rnnarruuu
936 824 1181 877 uuvnuuuvsn.
1275 811 1359 882 1071

138 963 553 1091 marmeneipmapud
575 1004 915 1086 westmonasterium,
937 1008 1043 1094 primo
1070 1010 1124 1075 die
1147 1009 1239 1090 Maii,
1273 1031 1361 1080 anuo
1395 1025 1520 1076 annua

162 1115 165 1124 ⁴
309 1107 404 1194 regni
425 1107 532 1174 nostri
555 1109 787 1176 octavo-Per
808 1109 1004 1197 petitionem
1027 1111 1068 1177 de
1090 1113 1236 1182 concilio.

310 1297 452 1349 mmm
474 1295 578 1348 mundi
655 1254 796 1336 Quando
827 1255 919 1322 istud
956 1255 1057 1324 breve
1088 1259 1132 1324 ad
1167 1281 1228 1326 nos
1261 1259 1365 1339 venit,
1379 1261 1506 1358 app-pepo

311 1363 395 1416 brevis
412 1363 443 1415 de
462 1361 567 1415 flertre-
610 1379 671 1422 nos
693 1362 729 1422 et
749 1357 856 1422 nostri
879 1379 1016 1438 eramus,
1038 1381 1081 1424 ex
1104 1367 1242 1447 urgente
1257 1383 1367 1428 neces·
1408 1363 1520 1457 fflfflt,

311 1430 373 1496 ⁹⁰¹¹·
611 1459 719 1536 sitate,
743 1457 973 1544 multipliciter
1003 1462 1162 1548 occupati,
1196 1466 1231 1528 et
1260 1375 1512 1567 αᾲὴυοξὲἓῶᾛῗ

312 1563 418 1628 indies
441 1583 644 1650 occupamur,
666 1561 753 1628 circa
785 1561 971 1648 potentiam
994 1561 1207 1650 colligendam
1231 1568 1265 1629 et
1286 1563 1368 1630 adu·

311 1665 464 1743 nandum,
480 1664 523 1729 ad
538 1662 761 1730 defensionem
776 1667 873 1728 terrae
891 1667 925 1728 et
947 1663 1060 1750 populi
1082 1665 1185 1730 vestri
1206 1670 1241 1731 et
1255 1667 1368 1741 nostri,

312 1763 528 1854 inpartibus
561 1765 691 1842 nostris,
714 1767 829 1831 contra
852 1763 974 1844 Scotos,
1001 1763 1152 1832 inimicos
1175 1771 1301 1833 vestros
1333 1773 1369 1832 et

313 1872 450 1946 nostros,
481 1867 539 1953 qui
569 1872 692 1932 terram
725 1869 879 1948 vestram,
914 1870 948 1931 et
978 1872 1133 1950 nostram,
1168 1868 1256 1934 infra
1287 1869 1369 1934 fines

314 1969 520 2056 episcopatus
542 1969 656 2046 nostri,
679 1988 754 2032 cum
777 1967 907 2054 ingenti
931 1969 1079 2034 exercitu
1100 1969 1266 2035 hostiliter
1288 1974 1368 2034 sunt

313 2071 461 2158 ingressi,
484 2070 527 2138 ad
549 2075 673 2136 terram
688 2072 723 2133 et
744 2067 904 2154 populum
926 2067 1101 2156 praedictos
1124 2070 1370 2147 destruendum,

309 2171 380 2237 nisi
402 2192 515 2238 eorum
538 2169 676 2236 malitiae
705 2167 842 2234 celerius
873 2173 907 2233 et
931 2167 1063 2234 virilius
1090 2171 1262 2237 obvietur:
1287 2192 1370 2258 pree-

315 2278 414 2340 textu
436 2271 530 2358 cujus
562 2268 791 2358 occupationis,
814 2275 947 2357 propter
976 2271 1132 2358 temporis
1161 2271 1371 2353 brevitatem,

316 2375 396 2462 quia
417 2373 507 2438 istud
528 2372 629 2439 breve
650 2375 798 2438 vestrum
828 2371 928 2437 nimis
951 2373 1046 2438 tarde
1067 2375 1257 2461 recepimus,
1279 2373 1371 2442 nullo

316 2477 414 2543 modo
435 2475 604 2563 potuimus
627 2473 752 2542 dictum
774 2474 875 2539 breve
896 2479 1043 2540 vestrum
1066 2476 1193 2562 exequi,
1216 2482 1256 2542 ut
1278 2498 1369 2542 man·

318 2581 430 2650 destis.

317 2744 443 2796 amaus
521 2726 714 2803 Edwardus,
734 2715 802 2791 'Dei
835 2725 951 2814 gratie,
980 2732 1049 2808 ete,
1080 2729 1271 2810 venerabili,
1297 2733 1367 2822 etc,
1380 2741 1525 2838 sspffinn

318 2809 442 2876 muragio.
477 2833 627 2920 episcopo
642 2830 868 2910 Dunolmensi,
883 2829 1033 2910 salutem,
1045 2836 1105 2900 etc
1143 2805 1498 2947 Monstrcver·{⁰⁰„‘,?,⁰„f

318 2935 382 2997 unt
395 2932 493 3000 nobis
515 2934 664 3000 homines
686 2931 851 2998 libertatis
866 2938 985 3000 vestrae
1007 2934 1250 3016 Dunclmcnsis,
1270 2936 1367 3022 quod,
1380 2944 1522 3040 ffihpgm

318 3053 394 3101 cum
408 3036 473 3122 ipsi
489 3058 546 3124 per
561 3035 760 3115 Scottorum,
775 3033 984 3101 inimicorum
999 3039 1034 3102 et
1053 3037 1225 3104 rebellium
1240 3042 1527 3140 nostm·g¹3·?⁰⁰10‘¹,tg,

319 3158 393 3202 rum
407 3138 667 3226 depraedationes
682 3143 717 3203 et
731 3136 884 3205 incendia
899 3138 1142 3225 quamplurima
1161 3141 1198 3208 in
1216 3142 1368 3228 partibus
1380 3107 1511 3248 gffilg}

319 3237 386 3304 illis
416 3240 687 3328 perpetrantium,
717 3238 905 3325 frequentes
939 3261 1093 3326 accessus,
1125 3243 1366 3331 depressionem
1380 3245 1492 3291 numm.

319 3340 585 3408 inaesumebilem
607 3341 697 3427 passi
725 3339 861 3419 fuerint,
883 3347 918 3406 et
941 3363 979 3408 eo
1001 3343 1121 3429 saepius
1144 3345 1232 3431 quod
1259 3350 1367 3412 costra

214 3523 216 3526 Ι
320 3443 418 3523 nulla,
446 3467 504 3512 seu
537 3444 628 3510 villae
660 3445 755 3509 inuro
789 3443 931 3524 vallatas,
962 3443 999 3508 in
1029 3445 1158 3530 quibus,
1192 3468 1251 3534 pro
1285 3448 1367 3536 ipsis

321 3551 356 3611 et
388 3545 484 3612 bonis
518 3547 585 3612 suis
607 3550 722 3611 eontra
743 3544 932 3630 hujusmodi
953 3544 1099 3630 pericula
1120 3548 1296 3626 salvandis,
1319 3571 1369 3616 re·

320 3645 449 3734 fugium
474 3669 531 3714 seu
557 3651 839 3733 receptamentum
862 3645 982 3712 habere
1005 3647 1139 3715 valeant
1158 3650 1195 3715 in
1218 3651 1369 3738 partibus

321 3747 387 3814 illis
421 3754 499 3816 sunt
530 3749 656 3815 situata
667 3771 676 3828 ;
709 3766 768 3834 per
799 3746 895 3833 quod,
933 3747 1029 3814 nobis
1063 3750 1290 3837 supplicarunt
1311 3775 1370 3840 per

321 3848 519 3935 petitionem
543 3871 638 3916 suem
669 3869 778 3916 coram
809 3848 905 3914 nobis
937 3853 972 3915 et
1005 3851 1141 3918 concilio
1170 3847 1283 3920 nostro
1313 3876 1370 3920 ex·

321 3951 473 4030 bibitam,
495 3956 534 4017 ut
556 3952 658 4031 vobis,
674 3972 771 4039 super
787 3951 989 4018 concessione
1010 3954 1154 4040 muragii
1174 3955 1213 4020 in
1234 3955 1371 4022 civitate

322 4051 489 4119 Dunolmo
520 4053 561 4120 de
591 4052 689 4120 rebus
715 4052 889 4118 venalibus
912 4053 955 4121 ad
979 4053 1151 4122 civitatem
1176 4056 1369 4143 praedictam

323 4155 542 4236 venientibus,
557 4178 615 4244 per
629 4177 689 4223 vos
703 4155 860 4236 faciende,
882 4157 1009 4244 regium
1031 4159 1200 4225 assensum
1222 4161 1367 4247 praebere

322 4258 486 4340 velimus;
519 4280 578 4324 nos
611 4258 723 4346 igitur,
751 4257 906 4345 petitioni
942 4259 1107 4346 praedictae
1144 4261 1371 4329 favorabiliter

323 4364 515 4442 annuentes,
546 4361 582 4425 in
618 4360 681 4428 hac
726 4364 829 4447 parte,
867 4359 962 4427 vobis
999 4362 1242 4446 innotescimus,
1281 4364 1370 4450 quod

323 4463 509 4550 muragium
552 4462 747 4549 praedictum
789 4462 831 4526 de
860 4465 973 4528 nostro
1017 4483 1152 4531 assensu
1196 4466 1370 4534 concedere

323 4565 484 4653 poteritis,
518 4565 547 4630 si
581 4559 698 4630 velitis
755 4561 852 4630 'l'este
882 4563 1016 4651 meipso,
1049 4566 1138 4651 apud
1171 4565 1370 4649 Thundrele,

324 4664 411 4753 xiij⁰.
433 4667 487 4733 die
509 4666 600 4748 Maii,
623 4687 711 4736 auno
737 4666 830 4755 rom
852 4666 959 4736 nostri
981 4671 1105 4736 octavo.
1240 4729 1244 4732 .
