3530 5708
391 789 457 854 858
573 799 772 852 nnorsrnun
795 797 998 850 rmsrmnn
1020 797 1262 852 unumunurn

240 1018 360 1064 annua
389 992 549 1058 miramur
582 988 771 1077 plurimum,
795 993 830 1054 et
860 1010 1039 1055 movemur.
1099 989 1146 1054 Et
1175 989 1355 1055 remittatis
1389 987 1438 1053 ibi
1450 1000 1494 1048 m.
1504 999 1609 1058 Bnnsr.

388 1100 471 1159 tuno
492 1092 554 1158 hoe
575 1091 684 1170 breve,
705 1093 742 1155 et
763 1089 855 1156 aliud
877 1091 984 1156 breve.
1030 1090 1135 1168 Testa
1151 1089 1202 1158 W.
1218 1090 1260 1156 de
1275 1089 1437 1169 Norwioo,

389 1195 478 1281 apud
509 1191 848 1272 westmonasterium,
887 1189 935 1256 x⁰.
967 1192 1021 1257 die
1053 1191 1188 1280 Aprilis,
1221 1214 1308 1258 anno
1345 1193 1438 1280 regni

390 1296 495 1364 nostri
518 1295 644 1381 quinto.

222 1511 381 1607 meomopps
606 1494 838 1582 Signifioamus
869 1493 974 1570 vobis,
1005 1493 1093 1580 quod
1125 1493 1301 1573 Antonius,
1334 1515 1440 1582 nuper

220 1566 338 1708 idsspofiiii
368 1564 541 1616 mmm
560 1595 729 1683 episeopus
751 1595 994 1673 Dunolmensis,
1012 1594 1227 1682 praedeoessor
1247 1598 1367 1675 noster,
1389 1619 1441 1662 ra·

392 1697 484 1764 uene
506 1697 644 1763 dominu
666 1697 727 1777 aa,
750 1701 783 1762 a
805 1696 905 1784 mgna
927 1718 996 1763 aua
1025 1696 1199 1776 naemu,
1221 1697 1310 1764 insa
1338 1719 1440 1784 aquas

391 1800 433 1865 de
447 1800 542 1886 Tyne
557 1804 592 1867 et
606 1800 696 1880 Tess,
715 1798 844 1864 saisivit
858 1799 896 1864 in
919 1819 1054 1864 manum
1077 1819 1170 1864 snam
1190 1820 1304 1865 omnes
1325 1804 1438 1880 terras,

389 1901 540 1968 redditus
569 1905 605 1967 et
634 1903 833 1978 tenementa,
865 1921 940 1986 qnae
970 1899 1107 1966 fuerunt
1137 1901 1289 1988 magistri
1318 1907 1353 1967 et
1374 1901 1440 1968 fra·

389 2010 480 2070 trum
509 2003 640 2070 militias
669 2003 799 2090 Templi
829 2002 866 2067 in
887 2001 1019 2089 Anglia,
1043 2002 1078 2066 in
1100 2001 1189 2068 villis
1211 2003 1253 2068 de
1286 2004 1440 2084 Foxden',

390 2106 607 2193 Bisshopton'‚
624 2104 877 2185 Goton',0ast1i
899 2103 1069 2187 Bernardi,
1095 2104 1336 2184 Somerhouses,
1374 2105 1437 2192 [et]

390 2207 525 2286 Pelton’,
546 2229 622 2294 quae
644 2211 724 2272 sunt
738 2206 827 2272 inire
840 2205 1030 2272 libertatem
1045 2206 1247 2292 praedictam,
1261 2211 1296 2274 et
1311 2207 1439 2273 levavit

389 2331 502 2376 omnes
515 2310 666 2376 redditus
687 2307 918 2396 praedictorum
934 2307 1201 2394 Templan'orum,
1216 2309 1257 2374 de
1272 2310 1441 2395 praediotis

389 2412 487 2488 villis,
518 2411 560 2498 de
590 2410 744 2476 terminis
767 2409 902 2476 Pasohae
926 2413 959 2475 et
989 2409 1105 2476 Sancti
1136 2409 1306 2476 Michaelis
1328 2432 1440 2498 supra·

389 2514 496 2594 dietis,
527 2517 627 2600 prout
649 2512 690 2577 ad
726 2512 836 2599 ipsum
866 2510 1038 2596 pertinuit,
1061 2511 1188 2578 ratione
1214 2512 1314 2599 regiae
1343 2513 1441 2578 liber·

389 2616 470 2682 tatis
491 2637 560 2681 suae
576 2615 751 2701 praediotae.
796 2613 846 2679 De
860 2612 981 2698 quibus
995 2612 1129 2699 quidem
1151 2613 1337 2681 redditibus
1358 2637 1441 2701 prae·

390 2717 498 2784 dictus
534 2715 701 2782 Antonius
738 2714 823 2780 obiit
860 2713 1014 2794 seisitus;
1050 2719 1125 2801 post
1162 2715 1256 2801 eujus
1291 2722 1438 2798 mortem,

390 2820 544 2886 dominus
566 2817 759 2899 Edwardus,
781 2838 841 2883 rex
862 2837 959 2895 nuno,
986 2817 1105 2883 habuit
1130 2818 1311 2885 custodiam
1341 2819 1440 2884 libar-

389 2923 471 2989 tatis
493 2919 670 3009 praediotae,
694 2940 862 3006 quousque
885 2919 974 2986 idem
993 2918 1147 2985 dominus
1168 2941 1227 2986 rex
1248 2921 1343 2987 nobis
1365 2922 1439 2986 red-

390 3023 478 3090 didit
510 3022 648 3088 eandem
679 3021 876 3100 libertatem,
899 3021 982 3086 adeo
1004 3021 1100 3107 pleno
1133 3027 1168 3086 et
1204 3022 1341 3110 integre,
1364 3044 1439 3090 eum

390 3124 542 3192 omnibus
569 3123 701 3210 juribus
731 3123 799 3190 suis
825 3128 860 3189 et
882 3123 1101 3210 pertinentiis,
1124 3123 1210 3190 siout
1232 3124 1340 3191 dictus
1369 3125 1440 3190 An-

390 3226 503 3294 tonius
524 3226 615 3291 iilum
640 3224 777 3292 liberius
798 3225 918 3305 tenuit,
942 3225 996 3292 die
1017 3245 1084 3310 quo
1106 3224 1197 3292 obiit.
1258 3227 1330 3294 Nee
1351 3227 1441 3293 aliud

389 3329 489 3396 breve
504 3349 603 3415 quam
617 3327 710 3394 istud
723 3327 832 3407 breve,
847 3327 945 3392 modo
958 3326 1054 3392 vobis
1067 3347 1125 3414 per
1147 3349 1207 3394 nos
1228 3334 1441 3407 retornatum,

390 3452 539 3517 unquam
560 3429 656 3496 nobis
677 3428 756 3495 inde
781 3427 847 3494 fuit
869 3428 1039 3495 duonum

260 3661 352 3736 erran
389 3674 472 3724 Bm„
497 3674 564 3738 regis
586 3671 623 3722 di-
717 3633 910 3711 Edwardus,
947 3632 1010 3699 Dei
1048 3635 1166 3719 gratia,
1203 3655 1262 3699 rex
1298 3633 1439 3719 Angliae,

220 3725 358 3819 ΞᾎῆξᾎἘζ
390 3746 488 3790 rectum
524 3739 623 3789 vioooo-
656 3735 809 3801 dominus
846 3733 1027 3813 Hiberniae,
1061 3740 1097 3801 et
1133 3735 1204 3800 dux
1240 3735 1440 3822 Aquitaniae,

221 3825 338 3924 ’γᾞῗοῗ
389 3807 622 3922 ffipffbffiffl
655 3836 841 3902 vioeoomiti
882 3835 1089 3916 Eboraoensi,
1127 3837 1275 3904 salutem.
1341 3837 1440 3916 Pone,

219 3923 360 4027 fflffih‘
388 3939 539 4004 episcopum.
657 3959 714 4025 per
742 3937 879 4004 vadium
902 3941 937 4003 et
961 3936 1068 4003 salvos
1091 3938 1225 4025 plegioe,
1251 3938 1439 4018 Rioerdum,

221 4025 332 4070 Dm·
387 4044 575 4132 episeopum
597 4041 863 4119 Dunolmensem,
886 4039 936 4105 ita
957 4039 1045 4126 quod
1070 4039 1192 4106 habeat
1214 4061 1322 4107 eoram
1340 4035 1440 4126 justii

388 4146 497 4212 ciariis
520 4145 641 4211 nostris
664 4148 735 4220 eto,
758 4164 778 4206 a
801 4141 855 4206 die
877 4140 1010 4208 Sanctae
1024 4141 1200 4208 Trinitatis
1222 4143 1259 4207 in
1281 4165 1336 4211 xv.
1359 4144 1437 4223 dies,

389 4247 547 4314 Thomam
582 4246 623 4310 do
653 4243 784 4322 Neviil’,
814 4263 987 4329 personam
1023 4243 1166 4310 eeclesiae
1196 4243 1237 4309 de
1267 4243 1439 4324 Ellesdan',

388 4349 433 4418 ad
466 4346 724 4435 respondendum
763 4343 909 4411 Henrieo
942 4345 982 4410 de
1020 4343 1205 4427 Liehefeld',
1238 4345 1362 4424 clerieo,
1397 4346 1437 4412 de

389 4452 520 4540 plaeito,
543 4449 631 4536 quod
665 4447 783 4513 reddat
805 4446 835 4512 ei
858 4445 981 4532 viginti
1009 4467 1143 4527 mareas,
1165 4467 1247 4532 quas
1269 4448 1300 4512 ei
1330 4447 1437 4525 debet,

389 4558 424 4618 et
451 4552 580 4631 catallo,
610 4550 653 4615 ad
676 4547 855 4614 valentiam
878 4553 1003 4635 septem
1033 4547 1199 4629 librarum,
1223 4571 1297 4635 quae
1327 4549 1357 4614 ei
1386 4549 1437 4613 in-

385 4656 475 4741 juste
499 4653 633 4730 detinet,
657 4655 696 4714 ut
726 4649 827 4728 dicit,
856 4653 891 4714 et
921 4649 964 4714 ad
986 4651 1224 4716 ostendendum
1247 4669 1348 4736 quare
1370 4669 1437 4715 non
