3506 5702
485 819 684 876 anmsrauu
706 823 909 879 nrmrrunu
931 828 1171 880 nuumuansn
1198 831 1200 835 ·
1284 809 1350 880 753

129 1010 287 1070 summa
299 1007 498 1092 requirimus
513 1017 548 1078 et
561 1036 722 1102 rogamus,
740 1023 902 1103 quatenus
925 1019 1050 1084 dictum
1073 1019 1258 1097 Ricardum,
1273 1040 1349 1086 cum
1378 1021 1434 1068 Ml·
1443 1027 1502 1069 ¹³1⁵·

300 1109 392 1178 dicta
422 1115 509 1196 navi,
542 1117 627 1184 circa
661 1118 783 1185 dictam
814 1120 1059 1207 providentiam
1092 1122 1285 1200 faciendam,
1314 1125 1348 1185 et

299 1213 342 1278 ad
365 1236 425 1280 nos
446 1219 643 1299 cariandam,
666 1243 726 1307 per
747 1243 807 1288 vos
829 1223 1010 1288 transitum
1033 1224 1147 1304 facere,
1163 1229 1198 1288 et
1220 1223 1348 1301 morari,

299 1314 402 1381 libore
435 1319 646 1403 permittatis,
679 1344 747 1389 non
780 1323 960 1390 inferentes
995 1325 1101 1390 eidem
1133 1326 1170 1389 in
1202 1346 1349 1410 persona,

298 1417 385 1494 navi,
409 1419 462 1484 vel
484 1419 685 1489 victualibus
708 1445 783 1510 quae
814 1426 858 1492 ad
889 1447 949 1490 nos
971 1426 1080 1513 ipsum
1113 1425 1239 1492 deleme
1273 1449 1348 1493 con·

296 1520 418 1606 tigerit,
442 1521 610 1606 damnum,
633 1526 827 1606 molestiam,
849 1527 904 1593 vel
924 1551 1111 1616 gravamen,
1133 1534 1193 1594 aut
1223 1528 1346 1606 inferri,

297 1627 458 1707 quantum
479 1624 516 1688 in
531 1626 626 1690 vobis
649 1631 708 1705 est,
723 1629 766 1693 ab
788 1629 863 1694 aliis
877 1629 1118 1716 permittentes,
1142 1630 1229 1696 sicut
1249 1631 1345 1696 vobis

295 1745 352 1810 per
381 1729 492 1810 paries
529 1733 657 1794 nostras
688 1729 826 1795 forsitan
864 1732 1063 1810 transitumn,
1093 1753 1152 1797 nos
1181 1732 1344 1818 cuperetis

295 1826 462 1892 benivolos
485 1827 641 1895 exhiberi.
688 1831 730 1897 In
752 1832 845 1917 cujus
867 1833 915 1898 rei
938 1835 1176 1913 testimonium,
1200 1833 1344 1921 sigillum

296 1931 445 1994 nostrum
483 1932 703 2016 praesentibus
720 1940 789 1999 ost
834 1957 1021 2023 appensum.
1089 1935 1217 2000 Datum
1254 1937 1344 2023 apud

294 2031 449 2115 Rychale,
472 2031 592 2098 ultimo
622 2034 675 2099 die
698 2033 861 2114 Octobris,
892 2057 979 2101 anno
1013 2035 1149 2101 Domini
1182 2035 1341 2126 [wrote]

292 2132 544 2216 quintodecimo,
568 2139 603 2199 et
624 2136 878 2202 consecrationis
899 2142 974 2202 nost
975 2159 1021 2202 raa
1042 2138 1170 2222 quinto.

294 2375 577 2428 Commissamcosioe
654 2336 826 2416 Ricardus,
836 2343 895 2406 etc.
895 2339 1034 2416 ,dilecto
1050 2339 1166 2405 clerico
1168 2340 1306 2428 ,magist
1307 2351 1513 2457 rooffiorps

294 2457 355 2506 “eu
338 2443 416 2492 uestri
465 2443 576 2494 ecclesia
609 2437 746 2504 Thomas
768 2440 820 2505 da
824 2440 1016 2519 Leuesham,
1031 2441 1169 2524 salutem
1187 2446 1246 2508 etc.
1293 2414 1495 2548 Dsffgflagddv

293 2509 460 2574 decomeby
610 2539 729 2605 vestris
768 2541 1060 2628 circumspectione
1103 2548 1138 2607 et
1177 2544 1494 2658 ¹¹¹d¹1³ir¹³dat¹ttl

292 2640 424 2725 plenius
447 2641 658 2720 confidentes,
680 2643 865 2708 custodiam
888 2645 1075 2730 sequestri'
1065 2666 1101 2708 m
1124 2644 1285 2710 fructibus
1307 2651 1342 2711 et

292 2740 511 2828 proventibus
534 2743 678 2810 ecclesis)
701 2744 742 2809 de
766 2744 929 2830 Oouseby,
947 2746 1190 2829 jurisdictionis
1219 2752 1342 2814 nostrae

293 2844 332 2909 dc
355 2843 618 2923 Alvertonshire,
640 2868 698 2932 per
721 2846 879 2912 dilectum
914 2848 1067 2913 clericum
1090 2853 1250 2928 nostrum,
1272 2871 1342 2914 ma-

293 2946 431 3032 gistrum
457 2945 634 3012 Ricardum
657 2948 698 3013 de
721 2947 859 3033 Eryum,
876 2948 962 3034 juris
985 2950 1094 3014 civilis
1118 2951 1341 3036 professorem,

292 3049 413 3112 nostris
436 3048 507 3114 vioe
534 3054 568 3114 et
591 3049 798 3128 auctoritate,
814 3048 955 3115 indicta
972 3049 1206 3136 jurisdictione
1228 3058 1341 3118 nostra

292 3149 494 3214 visitationis
517 3149 658 3215 officium
682 3155 899 3233 exercentem,
922 3151 1020 3216 certis
1044 3157 1078 3218 et
1110 3152 1270 3240 legitimis
1300 3153 1340 3218 dc

292 3253 398 3316 causis
420 3252 617 3338 interpositi,
649 3251 775 3338 [vobis]
813 3253 1051 3318 committimus
1073 3274 1132 3338 per
1153 3259 1338 3340 praesentes.

293 3353 431 3419 Proviso
461 3354 550 3440 quod
584 3354 695 3418 nullus
726 3354 811 3418 alius
833 3355 877 3418 ad
899 3355 1029 3419 eosdem
1052 3355 1179 3420 fructum
1209 3360 1245 3420 et
1266 3377 1338 3439 pro-

291 3461 418 3535 ventus,
441 3459 609 3542 sequestro
632 3456 823 3540 hujusmodi
846 3456 997 3534 durante,
1019 3476 1137 3520 manus
1163 3458 1338 3541 quomodo·

289 3557 371 3623 libet
385 3561 540 3645 apponat,
555 3561 590 3622 et
605 3557 693 3642 quod
716 3557 821 3622 eidem
836 3557 980 3622 ecolesiae
1001 3556 1039 3620 in
1062 3556 1184 3623 divinis
1206 3558 1340 3622 interim

292 3661 404 3726 debite
445 3660 617 3726 serviatur.
682 3659 810 3726 Valete.
871 3658 997 3723 Datum
1031 3660 1120 3746 apud
1157 3659 1338 3740 Alverton’,

296 3761 418 3845 xxvijo.
443 3761 497 3826 die
520 3760 682 3838 Octobris,
711 3782 797 3826 anno
820 3759 956 3825 Domini
987 3761 1158 3828 millesimo
1181 3774 1338 3838 occ⁰.xv⁰.,

292 3869 327 3928 et
349 3862 603 3928 consecrationis
625 3867 747 3928 nostrae
770 3861 895 3948 quinte.

290 4091 322 4140 1¹1
335 4088 438 4140 titurio·
431 4107 458 4140 m
470 4088 595 4142 ecclesa
652 4064 821 4144 Ricardus,
851 4062 1064 4150 permissione
1098 4062 1472 4143 divina‚Dun-r.1ssa.

289 4156 465 4222 oenomeley
611 4165 763 4230 olmensis
777 4166 957 4251 episcopus,
973 4163 1092 4227 dilecto
1114 4163 1194 4243 filio,
1218 4165 1336 4250 magis-
1349 4143 1437 4287 Ῑιιῖἓιιι
1414 4145 1492 4288 νξιῃι,

289 4269 342 4328 tro
364 4261 903 4352 HenricoleWaleys,salnte1n,
936 4266 1088 4352 gratiam,
1123 4269 1157 4328 et
1188 4243 1401 4329 benedic·wul
1324 4292 1390 4337 -ιι
1376 4255 1476 4346 ιιξῖἶιιι

288 4366 422 4431 tionem.
472 4364 524 4428 Ad
546 4367 712 4431 ecclesiam
728 4366 945 4453 parochialem
970 4365 1011 4430 de
1034 4365 1204 4450 Horseley,
1216 4371 1337 4431 nostras
1349 4343 1471 4447 ‘fihffiy‘

292 4467 450 4546 dioecesis,
473 4488 532 4554 per
556 4473 697 4533 mortem
732 4467 859 4531 domini
898 4465 1063 4532 «Iohannis
1094 4465 1135 4530 de
1167 4466 1336 4554 Horbyry,

288 4568 398 4633 ultimi
413 4569 548 4634 rectoris
564 4568 718 4656 ejusdem,
733 4574 915 4648 vacantem,
931 4573 965 4633 et
987 4567 1029 4632 ad
1051 4569 1238 4653 praesentat
1228 4591 1336 4636 sonem

288 4671 409 4736 nobilis
431 4671 559 4735 domini
591 4671 761 4758 Radulphi
795 4669 857 4735 filii
891 4669 1057 4748 Willelmi,
1080 4671 1205 4750 militis,
1228 4678 1336 4760 prout,

377 4789 452 4838 VOL.
477 4791 511 4839 11.
1182 4791 1203 4838 F
